2917 4992
364 1661 798 1761 Epistularum
822 1679 1268 1740 Ovidianarum
1296 1681 1427 1740 XX
1452 1689 1515 1740 et
1539 1681 1705 1741 XXI
1734 1680 1813 1740 ad
1849 1703 2003 1763 quos
2032 1684 2166 1743 fere
2201 1684 2425 1763 dirige-

186 1786 325 1825 rem
366 1768 796 1826 recensionem
839 1765 1027 1826 libros
1073 1766 1325 1846 seposui
1369 1787 1554 1826 manu
1598 1768 1857 1847 scriptos
1903 1787 2045 1842 sex,
2092 1769 2425 1849 impressos

186 1851 336 1910 du0.
426 1871 678 1931 quorum
735 1851 986 1931 quidem
1040 1859 1279 1930 partem
1334 1850 1410 1910 ab
1468 1852 1635 1911 XXI
1679 1861 1745 1914 12
1802 1852 2042 1912 demum
2098 1853 2419 1928 advocavi,

184 1937 485 2016 quoniam
527 1935 750 1995 abhinc
805 1937 1220 2036 antiquiorum
1275 1936 1554 1996 codicum
1610 1937 1835 1997 auxilio
1879 1938 2209 2016 privamur.
2282 1948 2427 1998 sunt

185 2029 395 2079 autem
451 2021 845 2100 epistularum
901 2015 1148 2080 codices*
1190 2021 1256 2078 in
1306 2019 1457 2080 duos
1506 2020 1755 2080 ordines
1800 2023 1963 2080 inter
2018 2041 2086 2081 se
2143 2021 2423 2083 diversos

187 2105 602 2166 describendi.
661 2125 927 2184 namque
958 2105 1127 2184 prior
1159 2124 1366 2164 eorum
1398 2113 1521 2179 est,
1572 2107 1677 2185 qui
1705 2107 1852 2165 licet
1882 2105 2108 2166 crebris
2141 2127 2425 2166 versuum

187 2189 530 2250 subditiciis
601 2188 1042 2249 additamentis
1117 2191 1454 2270 antiquitus
1524 2190 1685 2248 aucti
1741 2192 1867 2249 sint
1934 2191 2423 2272 inveteratisque

187 2274 432 2333 mendis
488 2271 653 2334 haud
707 2283 990 2348 careant,
1059 2282 1267 2334 tamen
1323 2275 1512 2352 longe
1566 2275 1964 2352 integriorem
2018 2275 2273 2334 formam
2329 2296 2421 2334 re-

187 2369 613 2437 praesentent.
701 2361 767 2417 in
814 2361 900 2418 eis
945 2379 1128 2432 vero,
1180 2359 1287 2438 qui
1333 2359 1587 2435 alterius
1633 2360 1879 2437 generis
1927 2367 2097 2433 sunt,
2146 2361 2423 2439 interpo-

185 2444 338 2502 latio
399 2452 460 2502 et
513 2444 820 2522 corruptio
875 2442 1260 2502 librariorum
1318 2463 1462 2502 cura
1507 2452 1697 2522 atque
1740 2445 1977 2505 incuria
2020 2465 2135 2528 per
2176 2446 2427 2504 saecula

189 2529 330 2586 XII
385 2529 554 2587 XIII
608 2529 767 2588 XIV
824 2536 1127 2606 concepta
1193 2528 1469 2606 singulos
1527 2548 1739 2589 versus
1796 2531 1977 2607 peius
2034 2528 2423 2590 deformavit.

187 2623 251 2671 at
301 2611 540 2671 abicere
582 2613 695 2671 hos
739 2633 869 2671 non
912 2611 1156 2686 licebat,
1207 2613 1500 2691 quoniam
1538 2613 1703 2691 prior
1748 2614 1959 2673 classis
2002 2613 2107 2671 vel
2138 2633 2424 2674 versuum

189 2719 291 2776 ep.
337 2697 469 2756 XX
515 2704 577 2756 et
618 2697 782 2756 XXI
831 2705 1014 2758 1—12
1069 2697 1385 2777 permultis
1445 2704 1633 2756 caret.
1724 2705 1785 2756 et
1842 2699 1948 2776 qui
2004 2696 2254 2776 quidem
2296 2718 2421 2756 me-

185 2782 358 2840 lioris
405 2783 530 2840 sint
572 2783 820 2860 generis
868 2781 986 2841 duo
1031 2790 1268 2842 tantum
1311 2779 1452 2839 libri
1495 2783 1921 2842 innotuerunt.

358 2867 391 2924 I
437 2865 516 2945 (P
536 2863 590 2940 1)
653 2866 968 2926 Parisinus
1027 2866 1207 2926 catal.
1254 2887 1318 2925 n.
1362 2873 1503 2928 8242
1552 2863 1993 2945 (Puteaneus),
2063 2865 2232 2926 cuius
2278 2885 2424 2926 con-

184 2951 483 3010 lationem
541 2950 620 3009 ad
679 2971 783 3010 eos
832 2951 937 3030 qui
983 2948 1332 3010 attinebant
1375 2969 1590 3010 versus
1634 2952 1894 3010 Henrici
1935 2951 2109 3010 Keili
2154 2952 2425 3011 comitati

187 3033 409 3094 debeo.
499 3035 828 3114 descripsit
870 3035 1034 3095 hunc
1075 3035 1294 3095 librum
1337 3035 1654 3095 Merkelus
1698 3036 1765 3094 in
1812 3033 2000 3095 Ovidi
2043 3036 2136 3095 sui
2178 3044 2342 3095 tomo
2392 3037 2425 3095 Ι

185 3121 385 3199 praef.
431 3140 494 3198 p.
541 3121 644 3179 III
673 3140 766 3200 sq.
817 3117 922 3198 (cf.
953 3120 1026 3178 L.
1069 3121 1437 3179 Muellerum
1481 3120 1698 3200 philol.
1742 3120 1843 3178 XI
1885 3140 1948 3198 p.
1982 3128 2046 3181 61
2079 3117 2293 3200 sqq.).·
2342 3120 2422 3179 de

186 3206 323 3264 aliis
383 3204 745 3284 quibusdam
799 3205 864 3262 in
925 3203 1108 3264 dubio
1165 3203 1241 3262 ab
1297 3205 1403 3263 illo
1463 3204 1693 3263 relictis
1750 3204 2071 3262 certiorem
2120 3223 2218 3262 me
2276 3204 2425 3262 fecit

187 3288 484 3348 Alfredus
528 3288 842 3348 Holderus
888 3290 1144 3362 amicus,
1195 3289 1299 3368 qui
1347 3288 1489 3347 dum
1517 3288 1769 3347 Parisiis
1815 3297 2128 3347 strenuam
2173 3307 2423 3366 operam

185 3382 379 3431 navat
421 3374 666 3432 scholiis
711 3374 1070 3432 Horatianis
1118 3373 1391 3432 codicem
1433 3373 1821 3432 Puteaneum
1874 3391 2013 3430 mea
2071 3391 2287 3431 caussa
2330 3373 2423 3430 in-

185 3458 410 3536 spexit.
469 3456 657 3517 habet
685 3458 792 3517 ille
825 3458 1125 3536 epistulae
1157 3458 1288 3515 XX
1327 3476 1543 3516 versus
1584 3477 1713 3515 non
1758 3457 1896 3535 plus
1942 3463 2063 3519 175.
2127 3476 2199 3516 ac
2227 3477 2287 3516 v.
2325 3466 2424 3521 175

181 3542 432 3601 ultimus
480 3551 572 3601 est
621 3541 705 3620 (v.
751 3539 846 3618 29)
906 3542 1017 3600 foli
1061 3550 1131 3604 54
1172 3543 1356 3601 versi.
1446 3551 1739 3601 secuntur
1792 3560 1989 3600 vacua
2045 3541 2195 3602 folia
2252 3543 2423 3601 char-

183 3634 365 3684 tacea
409 3625 531 3686 duo
576 3624 1058 3686 membranaceis
1104 3627 1499 3705 interposita,
1546 3627 1611 3685 in
1659 3647 1913 3706 quorum
1957 3627 2162 3706 priore
2206 3625 2284 3684 ab
2329 3645 2425 3684 re-

183 3711 459 3770 centiore
502 3731 686 3770 manu
731 3711 1020 3810 scriptum
1067 3720 1194 3770 est.
1239 3716 1456 3785 reliqua
1500 3716 1859 3783 epistularum
1902 3714 2122 3769 desunt.
2210 3710 2424 3770 folium

181 3803 250 3857 57
308 3803 538 3854 rectum
591 3795 810 3873 incipit
870 3794 947 3854 ab
995 3815 1110 3854 am.
1157 3797 1190 3854 I
1233 3803 1298 3869 2,
1356 3807 1442 3858 51.
1520 3797 1960 3874 quaterniones
2016 3813 2182 3854 nunc
2234 3793 2425 3854 habet

178 3879 506 3953 undecim,
570 3878 786 3958 quibus
846 3881 990 3938 olim
1042 3880 1108 3937 in
1164 3880 1288 3939 fine
1349 3880 1455 3938 vel
1502 3878 1897 3939 duodecimus
1956 3879 2057 3938 vel
2112 3878 2263 3938 folia
2304 3880 2425 3938 tria

183 3965 367 4042 (post
424 3925 532 4022 fol.
579 3969 682 4038 96)
740 3963 1124 4023 accedebant
1183 3962 1302 4042 (cf.
1361 3961 1764 4036 Merkelum)‚
1827 3965 2185 4043 quinionem
2212 3983 2424 4022 unum

181 4045 627 4126 (fol.·45—54).
700 4049 872 4107 unde
917 4048 1202 4110 nonnihil
1247 4047 1647 4109 dubitationis
1694 4049 1900 4121 oritur,
1947 4067 2093 4107 num
2134 4048 2252 4106 tria
2282 4048 2424 4106 soli-

175 4152 348 4210 vaga
406 4131 558 4192 folia
612 4133 776 4192 inter
837 4140 906 4193 54
927 4132 966 4192 b
1024 4141 1088 4192 et
1129 4141 1196 4195 57
1217 4151 1255 4190 a
1314 4131 1689 4206 exciderint,
1752 4151 1911 4212 quae
1965 4132 2278 4192 sententia
2330 4140 2427 4191 est

173 4217 448 4278 Luciani
489 4218 776 4277 Muelleri
833 4215 910 4276 de
966 4237 1034 4276 re
1090 4225 1264 4277 metr.
1310 4238 1373 4296 p.
1417 4217 1493 4276 L.
1542 4237 1604 4295 p.
1649 4225 1736 4276 44.
1826 4217 1946 4295 ipsi
2001 4215 2154 4275 alias
2212 4217 2423 4276 forsan

173 4304 351 4362 hanc
417 4303 844 4382 quaestionem
905 4322 1041 4364 cum
1110 4302 1196 4361 eis
1267 4321 1426 4382 quae
1494 4301 1830 4361 cohaerent
1892 4300 2423 4381 pertractabimus.
