2917 4992
1359 276 1825 340 —114-

475 451 594 510 hoc
633 450 819 528 igitur
863 451 1106 528 signum
1132 447 1302 510 unde
1333 448 1743 528 repetendum
1772 448 2091 508 videretur
2122 450 2244 508 iam
2278 448 2613 510 Clearchus
2647 451 2727 510 in

478 552 722 612 eroticis
756 553 1108 633 quaesierat
1154 550 1556 631 diversasque
1588 551 1928 631 protulerat
1967 551 2327 611 solutiones.
2374 552 2450 610 cf.
2481 553 2730 612 Athen.

475 653 611 714 XII
653 663 1064 716 5530—5540
1105 655 1210 714 vel
1251 653 1538 713 Muelleri
1584 653 1743 732 frgg.
1789 653 1931 713 hist.
1968 652 2075 714 Gr.
2121 653 2191 713 II
2234 673 2297 732 p.
2328 662 2431 716 315
2476 654 2597 732 frg.
2626 660 2731 716 39.

475 774 595 814 nec
637 764 846 816 tamen
889 754 1054 815 bene
1097 756 1191 816 illi
1234 775 1333 816 res
1381 757 1584 816 cessit.
1645 774 1790 813 nam
1831 755 1989 814 haec
2031 754 2181 814 mihi
2224 756 2439 814 nativa
2467 753 2734 814 videtur

475 856 740 936 symboli
784 858 980 917 forma
1022 858 1247 931 fuisse,
1306 866 1375 916 ut
1437 856 1659 917 eodem
1713 877 1896 936 pomo
1954 857 2051 915 vir
2103 857 2459 937 feminaque
2503 875 2732 916 vesce-

475 967 704 1032 rentur,
749 979 906 1039 quae
951 968 1084 1019 erat
1123 960 1326 1038 imago
1372 958 1803 1040 pulcritudinis
1839 959 1945 1018 vel
1987 949 2142 1035 ὥρας
2184 957 2288 1036 (cf.
2320 945 2556 1035 ὀπώρα)
2590 977 2735 1017 una

473 1057 977 1140 perfruendae.²)
1068 1081 1105 1119 a
1152 1082 1271 1142 quo
1317 1062 1662 1141 proximum
1720 1070 1841 1136 est,
1902 1059 2068 1141 quod
2126 1060 2290 1118 mala
2346 1060 2537 1120 adesa
2580 1061 2733 1118 mit-

472 1161 766 1222 tebantur
807 1163 912 1222 vel
954 1161 1336 1222 iaciebantur
1379 1183 1493 1243 pro
1541 1161 1813 1222 desideri
1861 1161 2269 1221 confessione.
2332 1160 2409 1220 cf.
2454 1161 2731 1221 Lucian.

477 1263 623 1323 dial.
671 1283 818 1323 mer.
871 1272 967 1337 12,
1020 1275 1077 1338 1,
1125 1264 1284 1324 Tox.
1339 1273 1422 1337 13,
1468 1263 1748 1343 Alciphr.
1793 1263 1899 1323 III
1941 1271 2026 1336 62,
2075 1271 2137 1336 2,
2184 1263 2499 1323 Aristaen.
2546 1265 2581 1322 I
2627 1271 2727 1324 25.

476 1364 698 1424 eadem
743 1373 946 1424 autem
989 1366 1192 1444 imago
1238 1367 1325 1424 ita
1371 1373 1465 1424 est
1505 1373 1818 1445 tamquam
1864 1363 2194 1444 compendi
2227 1365 2410 1439 facta,
2456 1373 2523 1423 ut
2552 1365 2733 1423 mala

475 1465 771 1525 darentur
825 1476 930 1526 aut
983 1468 1156 1526 vario
1214 1468 1426 1547 utique
1493 1466 1675 1526 modo
1743 1466 2202 1526 adhiberentur.
2305 1467 2591 1546 quocirca
2650 1467 2731 1524 in

470 1567 740 1628 moribus
815 1577 1001 1647 atque
1066 1569 1359 1630 institutis
1425 1568 1507 1627 ad
1585 1588 1800 1627 canam
1872 1575 2244 1628 vetustatem
2315 1566 2729 1626 redeuntibus

471 1670 796 1752 multiplex
840 1671 1108 1730 cernitur
1148 1690 1469 1751 pomorum
1510 1690 1653 1730 usus
1684 1671 2032 1730 amatorius.
2104 1689 2223 1728 nec
2266 1688 2413 1729 vero
2461 1668 2729 1729 Graecis

472 1771 580 1831 ille
627 1772 912 1850 proprius
959 1772 1072 1831 sed
1118 1773 1366 1852 populis
1411 1772 1600 1848 longe
1631 1772 2273 1854 plurimis-communis
2304 1771 2621 1830 invenitur
2636 1767 2726 1846 ³).

641 1873 865 1952 Itaque
913 1882 975 1932 et
1017 1875 1080 1933 in
1128 1872 1413 1933 ritibus
1460 1872 1956 1952 nuptialibus
2001 1873 2163 1932 malo
2207 1873 2379 1932 locus
2428 1871 2722 1946 dabatur,

475 1981 537 2032 et
591 1973 761 2055 apud
821 1973 1092 2035 Graecos
1153 1974 1401 2056 quidem
1467 1976 1535 2034 in
1600 1976 1812 2054 primis
1874 1976 2034 2035 malo
2092 1973 2413 2054 Cydonio,
2479 1982 2543 2034 ut
2608 1975 2728 2054 qui

459 2233 718 2309 Ἔριδος,
767 2242 936 2294 τοῦτο
952 2233 1228 2308 ’Έρωτος·
1277 2235 1465 2296 ἐκεῖνο
1516 2235 1757 2306 ἐσιώπα,
1805 2241 1972 2294 τοῦτο
2012 2237 2349 2308 φθέγγεται.
2398 2235 2476 2309 μὴ
2514 2237 2725 2309 ῥίψῃς,

470 2321 548 2392 μή
577 2321 794 2393 φάγῃς·
845 2317 998 2379 οὐδ’
1037 2319 1112 2378 ἐν
1145 2321 1424 2394 πολέμῳ
1458 2319 1895 2395 πρεσβευτὴς
1931 2329 2477 2392 παρανομεῖται.
2526 2326 2589 2378 τί
2611 2316 2728 2380 οὖν

473 2402 820 2474 ἐπέσταλκας
857 2402 996 2463 αὐτὸ
1035 2403 1180 2476 ἐρεῖ·
1219 2403 1489 2477 Εὐίππη,
1531 2411 1679 2477 φιλαῖ
1704 2423 1789 2464 σε·
1826 2404 2172 2479 ὁπόγραψον
2195 2401 2553 2476 ἀναγνοῦσα·
2596 2415 2724 2463 ’κα-

471 2494 604 2554 λῶς·
653 2491 880 2563 δέχεται
924 2488 988 2548 τὸ
1035 2494 1220 2564 μῆλον
1264 2495 1364 2550 καὶ
1409 2495 1591 2549 ταῦτα
1638 2489 1865 2562 (avitum)
1913 2491 1982 2548 τὰ
2020 2491 2371 2563 γράμματα’.
2444 2499 2527 2548 sic
2564 2499 2725 2548 enim

467 2579 611 2632 haec
647 2582 905 2632 videntur
939 2582 1251 2633 scribenda.
1322 2583 1497 2634 verba
1533 2577 1611 2649 μὴ
1650 2576 1827 2649 ῤ’ίψῃς
1863 2582 2035 2634 facile
2074 2582 2144 2632 ad
2174 2581 2459 2648 Cydippae
2494 2597 2725 2648 pomum

473 2671 763 2731 spectant,
818 2667 964 2717 sicut
1008 2659 1085 2733 μὴ
1137 2659 1328 2733 φάγῃς
1375 2668 1614 2718 fortasse
1664 2667 1906 2733 aliquam
1955 2667 2115 2718 nobis
2162 2667 2411 2732 ignotam
2464 2667 2725 2718 fabulam

467 2751 801 2815 respiciunt,
861 2756 1011 2802 certe
1063 2752 1240 2803 verba
1294 2743 1432 2804 οὐδέ
1481 2769 1528 2802 e.
1568 2769 1619 2817 q.
1659 2768 1702 2802 s.
1752 2768 1817 2803 eo
1866 2753 2068 2802 ducere
2112 2752 2385 2803 videntur.
2468 2755 2722 2802 ceterum

469 2836 717 2898 sequitur
753 2850 821 2884 ex
854 2835 942 2885 his
978 2837 1231 2886 omnibus
1265 2863 1335 2873 —
1368 2843 1644 2887 memento
1670 2836 1831 2887 simul
1855 2837 2003 2902 pomi
2026 2836 2353 2887 Discordiae
2390 2863 2454 2872 —
2490 2851 2550 2886 re
2576 2851 2724 2888 vera

468 2920 646 2982 pomis
680 2918 898 2970 litteras
933 2919 1064 2971 olim
1103 2935 1224 2971 esse
1261 2921 1585 2986 insculptas
2330 2923 2345 2937 ‘
2642 2927 2654 2936 ’

601 3017 644 3084 ²)
679 3020 1065 3071 Fecunditatis
1101 3023 1280 3085 notiO‚
1331 3037 1493 3087 quam
1532 3023 1719 3088 granis
1754 3039 2035 3088 pomorum
2069 3023 2261 3074 volunt
2298 3023 2601 3087 contineri,
2644 3025 2720 3074 ab

471 3105 732 3156 amatorii
778 3105 1012 3170 symboli
1057 3105 1445 3171 simplicitate,
1510 3107 1559 3156 si
1607 3107 1736 3170 quid
1782 3108 1971 3172 sapio,
2030 3112 2152 3158 erat
2196 3106 2390 3172 procul
2433 3106 2722 3160 habenda.

465 3188 525 3240 in
573 3204 682 3255 qua
725 3205 785 3240 re
832 3207 953 3241 cum
999 3196 1216 3241 ceteros
1262 3195 1376 3241 tum
1422 3191 1786 3242 Gerhardium
1831 3193 2073 3244 Vaseub.
2109 3194 2138 3243 1
2184 3209 2239 3258 p.
2280 3194 2377 3243 132
2413 3207 2467 3242 n.
2508 3194 2607 3243 177
2658 3198 2722 3244 et

468 3274 606 3324 alibi
652 3275 873 3325 diversa
919 3277 1244 3326 miscentem
1287 3275 1454 3341 longe
1502 3275 1704 3326 falsum
1751 3281 1901 3342 puto,
1976 3283 2035 3327 at
2080 3293 2203 3328 cum
2248 3276 2347 3326 illo
2393 3292 2529 3326 sane
2568 3278 2720 3326 anti—

469 3358 729 3422 quissimo
785 3375 949 3410 sensu
1005 3359 1099 3411 alii
1161 3361 1253 3426 qui
1299 3361 1528 3427 cognati
1576 3366 1763 3411 essent
1807 3367 1868 3410 ut
1916 3361 2125 3412 assolet
2176 3361 2379 3412 sensim
2429 3361 2719 3412 coalesce-

465 3441 604 3492 bant
639 3447 696 3492 et
731 3445 1223 3498 confundebantur.

602 3542 646 3607 ⁸)
691 3543 869 3594 Multa
916 3560 1056 3610 quae
1102 3545 1209 3596 huc
1257 3549 1581 3612 pertineant
1622 3547 1794 3596 habet
1832 3547 2088 3598 conlecta
2124 3547 2223 3596 sed
2258 3547 2404 3597 male
2442 3547 2721 3613 disposita

465 3643 572 3679 nec
607 3632 760 3680 recte
796 3629 1046 3680 iudicata
1067 3630 1480 3682 Friedreichius
1516 3633 1605 3682 die
1630 3631 1918 3696 Symbolik
1952 3631 2063 3682 und
2098 3631 2441 3698 Mythologie
2476 3632 2576 3682 der-
2599 3633 2717 3684 Na-

466 3717 554 3762 tur
586 3730 641 3779 p.
677 3715 982 3766 208—213.
1017 3734 1022 3740 ·
1053 3715 1126 3767 cf.
1183 3715 1571 3767 Schwenkium
1622 3717 1711 3767 die
1766 3717 2083 3768 Sinnbilder
2134 3717 2233 3766 der
2276 3717 2429 3767 alten
2464 3717 2719 3769 Voelker

464 3815 519 3863 p.
555 3799 587 3848 9
612 3813 762 3864 sqq.,
810 3804 866 3850 et
913 3799 978 3850 de
1019 3800 1252 3851 Graecis
1296 3800 1568 3853 Seilerum
1613 3802 1683 3851 ad
1720 3803 1971 3868 Longum
2006 3801 2033 3850 I
2078 3803 2143 3852 23
2190 3817 2257 3851 ac
2293 3801 2717 3853 Boetticherum

463 3881 829 3934 Baumkultus
863 3901 916 3950 p.
943 3886 1040 3935 461
1069 3901 1214 3951 sqq.,
1255 3885 1322 3936 de
1351 3885 1697 3937 Germanicis
1721 3885 1978 3936 Wolfium
1999 3886 2297 3952 Beitraege
2323 3902 2376 3936 z.
2401 3886 2715 3938 deutschen

463 3965 694 4030 Mythol.
730 3969 789 4018 11
824 3985 893 4034 p..
916 3971 948 4019 2
973 3984 1090 4035 sqq.
1143 3969 1246 4020 alii
1280 3985 1408 4021 mox
1433 3970 1850 4024 iudicabuntur.
1909 3971 2129 4020 interim
2168 3985 2197 4019 e
2236 3971 2575 4021 carminibus
2613 3988 2713 4037 po·

463 4049 748 4114 paler-ibus
775 4052 1048 4104 Graeciae
1085 4057 1412 4105 recentioris
1450 4056 1520 4104 ab
1546 4055 1786 4106 Arnoldo
1810 4056 2098 4106 Passowio
2136 4054 2299 4106 editis
2324 4071 2561 4107 memoro
2587 4058 2711 4120 624,

468 4135 556 4197 17,
596 4137 696 4186 632
717 4153 774 4200 a,
817 4141 874 4201 9,
921 4140 1048 4202 646,
1097 4142 1190 4204 21,
1241 4140 1366 4192 dist.
1406 4142 1529 4204 634,
1570 4143 1618 4191 2.
1700 4156 1981 4207 pomorum
2030 4139 2323 4204 coniugale
2370 4140 2713 4192 sacrificium

357 4285 361 4289 ζ
461 4217 698 4268 iudicari
734 4222 952 4271 videtur
987 4224 1131 4288 Hyg.
1170 4224 1284 4274 fab.
1327 4227 1424 4276 104
1462 4230 1517 4274 et
1552 4225 1695 4275 Plin.
1735 4241 1787 4274 n.
1825 4225 1880 4275 h.
1916 4225 2019 4276 XV
2057 4227 2118 4274 11
2161 4222 2292 4290 (10)-
