<?xml version="1.0" encoding="UTF-8"?>
<!DOCTYPE html PUBLIC "-//W3C//DTD XHTML 1.0 Transitional//EN"
    "http://www.w3.org/TR/xhtml1/DTD/xhtml1-transitional.dtd">
<html xmlns="http://www.w3.org/1999/xhtml" xml:lang="en" lang="en">
 <head>
  <title>
</title>
<meta http-equiv="Content-Type" content="text/html;charset=utf-8" />
  <meta name='ocr-system' content='tesseract 3.04.00' />
  <meta name='ocr-capabilities' content='ocr_page ocr_carea ocr_par ocr_line ocrx_word'/>
</head>
<body>
  <div class='ocr_page' id='page_1' title='image "./decallimachicyd00ovidgoog_0072.png"; bbox 0 0 2917 4992; ppageno 0'>
   <div class='ocr_carea' id='block_1_1' title="bbox 1365 315 1779 378">
    <p class='ocr_par' dir='ltr' id='par_1_1' title="bbox 1365 315 1779 378">
     <span class='ocr_line' id='line_1_1' title="bbox 1365 315 1779 378; baseline -0.002 -18"><span class='ocrx_word' id='word_1_1' title='bbox 1365 315 1779 378; x_wconf 48' lang='grc'><strong><em>,56-</em></strong></span> 
     </span>
    </p>
   </div>
   <div class='ocr_carea' id='block_1_2' title="bbox 454 487 2709 1484">
    <p class='ocr_par' dir='ltr' id='par_1_2' title="bbox 454 487 2709 1484">
     <span class='ocr_line' id='line_1_2' title="bbox 459 487 2709 573; baseline -0.002 -23"><span class='ocrx_word' id='word_1_2' title='bbox 459 493 654 573; x_wconf 88' lang='lat' dir='ltr'><strong><em>primo</em></strong></span> <span class='ocrx_word' id='word_1_3' title='bbox 700 492 836 550; x_wconf 88' lang='lat' dir='ltr'><strong><em>visu</em></strong></span> <span class='ocrx_word' id='word_1_4' title='bbox 880 489 1246 569; x_wconf 89' lang='lat' dir='ltr'><strong><em>praecordia</em></strong></span> <span class='ocrx_word' id='word_1_5' title='bbox 1291 489 1726 566; x_wconf 84' lang='lat' dir='ltr'><strong><em>transfigentes</em></strong></span> <span class='ocrx_word' id='word_1_6' title='bbox 1770 487 1991 547; x_wconf 85' lang='lat' dir='ltr'><strong><em>talibus</em></strong></span> <span class='ocrx_word' id='word_1_7' title='bbox 2026 489 2375 566; x_wconf 85' lang='lat' dir='ltr'><strong><em>exprimunt</em></strong></span> <span class='ocrx_word' id='word_1_8' title='bbox 2404 488 2709 547; x_wconf 83' lang='lat' dir='ltr'><strong><em>acumini-</em></strong></span> 
     </span>
     <span class='ocr_line' id='line_1_3' title="bbox 456 576 2702 667; baseline -0.003 -15"><span class='ocrx_word' id='word_1_9' title='bbox 456 593 601 652; x_wconf 83' lang='lat' dir='ltr'><strong><em>bus:</em></strong></span> <span class='ocrx_word' id='word_1_10' title='bbox 648 593 828 651; x_wconf 90' lang='lat' dir='ltr'><strong><em>Hom.</em></strong></span> <span class='ocrx_word' id='word_1_11' title='bbox 877 587 934 656; x_wconf 80' lang='grc' dir='ltr'><em>Ξ</em></span> <span class='ocrx_word' id='word_1_12' title='bbox 967 576 1074 652; x_wconf 71' lang='lat'><strong><em>294</em></strong></span> <span class='ocrx_word' id='word_1_13' title='bbox 1120 579 1198 660; x_wconf 79' lang='grc' dir='ltr'><strong><em>ὦς</em></strong></span> <span class='ocrx_word' id='word_1_14' title='bbox 1246 579 1300 647; x_wconf 79' lang='grc' dir='ltr'><strong><em>δ’</em></strong></span> <span class='ocrx_word' id='word_1_15' title='bbox 1352 587 1503 664; x_wconf 81' lang='grc' dir='ltr'><em>ἴδεν,</em></span> <span class='ocrx_word' id='word_1_16' title='bbox 1551 581 1629 659; x_wconf 71' lang='grc' dir='ltr'><strong><em>ὥς</em></strong></span> <span class='ocrx_word' id='word_1_17' title='bbox 1673 609 1776 664; x_wconf 90' lang='grc' dir='ltr'><strong><em>μιν</em></strong></span> <span class='ocrx_word' id='word_1_18' title='bbox 1824 585 1967 664; x_wconf 73' lang='grc' dir='ltr'><strong><em>ἔρως</em></strong></span> <span class='ocrx_word' id='word_1_19' title='bbox 2013 579 2272 659; x_wconf 77' lang='grc' dir='ltr'><strong><em>πυκινᾶς</em></strong></span> <span class='ocrx_word' id='word_1_20' title='bbox 2316 585 2539 667; x_wconf 78' lang='grc' dir='ltr'><strong><em>φρένας</em></strong></span> <span class='ocrx_word' id='word_1_21' title='bbox 2580 581 2702 666; x_wconf 80' lang='grc' dir='ltr'><strong><em>ἆμ-</em></strong></span> 
     </span>
     <span class='ocr_line' id='line_1_4' title="bbox 457 686 2701 772; baseline -0.001 -20"><span class='ocrx_word' id='word_1_22' title='bbox 457 686 829 770; x_wconf 81' lang='grc' dir='ltr'><strong><em>φεκάλυψεν.</em></strong></span> <span class='ocrx_word' id='word_1_23' title='bbox 921 693 1188 752; x_wconf 83' lang='lat' dir='ltr'><strong><em>Theocr.</em></strong></span> <span class='ocrx_word' id='word_1_24' title='bbox 1247 695 1315 754; x_wconf 95' lang='lat' dir='ltr'><strong><em>II</em></strong></span> <span class='ocrx_word' id='word_1_25' title='bbox 1367 701 1467 767; x_wconf 83' lang='lat'><strong><em>82,</em></strong></span> <span class='ocrx_word' id='word_1_26' title='bbox 1539 691 1643 752; x_wconf 88' lang='lat' dir='ltr'><strong><em>ubi</em></strong></span> <span class='ocrx_word' id='word_1_27' title='bbox 1700 693 1765 751; x_wconf 88' lang='lat' dir='ltr'><strong><em>in</em></strong></span> <span class='ocrx_word' id='word_1_28' title='bbox 1826 711 2053 770; x_wconf 87' lang='lat' dir='ltr'><strong><em>pompa</em></strong></span> <span class='ocrx_word' id='word_1_29' title='bbox 2108 698 2356 751; x_wconf 90' lang='lat' dir='ltr'><strong><em>euntem</em></strong></span> <span class='ocrx_word' id='word_1_30' title='bbox 2410 693 2701 772; x_wconf 83' lang='lat' dir='ltr'><strong>Delphin</strong></span> 
     </span>
     <span class='ocr_line' id='line_1_5' title="bbox 461 782 2707 874; baseline -0.002 -20"><span class='ocrx_word' id='word_1_31' title='bbox 461 795 638 855; x_wconf 88' lang='lat' dir='ltr'><strong><em>videt</em></strong></span> <span class='ocrx_word' id='word_1_32' title='bbox 681 797 887 874; x_wconf 84' lang='lat' dir='ltr'><strong><em>virg0,</em></strong></span> <span class='ocrx_word' id='word_1_33' title='bbox 956 782 1074 870; x_wconf 72' lang='grc' dir='ltr'><strong><em>χῶς</em></strong></span> <span class='ocrx_word' id='word_1_34' title='bbox 1131 792 1294 864; x_wconf 80' lang='grc' dir='ltr'><em>ἴδον,</em></span> <span class='ocrx_word' id='word_1_35' title='bbox 1344 785 1423 864; x_wconf 75' lang='grc' dir='ltr'><strong><em>ὡς</em></strong></span> <span class='ocrx_word' id='word_1_36' title='bbox 1470 782 1713 868; x_wconf 81' lang='grc' dir='ltr'><em>ἕμάνην.</em></span> <span class='ocrx_word' id='word_1_37' title='bbox 1802 792 1967 852; x_wconf 85' lang='lat' dir='ltr'><strong><em>idem</em></strong></span> <span class='ocrx_word' id='word_1_38' title='bbox 2011 793 2116 852; x_wconf 95' lang='lat' dir='ltr'><strong><em>III</em></strong></span> <span class='ocrx_word' id='word_1_39' title='bbox 2158 801 2225 864; x_wconf 67' lang='lat'><strong><em>42</em></strong></span> <span class='ocrx_word' id='word_1_40' title='bbox 2274 782 2353 863; x_wconf 75' lang='grc' dir='ltr'><strong><em>ὥς</em></strong></span> <span class='ocrx_word' id='word_1_41' title='bbox 2398 789 2558 868; x_wconf 82' lang='grc' dir='ltr'><em>ἴδεν,</em></span> <span class='ocrx_word' id='word_1_42' title='bbox 2620 782 2707 864; x_wconf 78' lang='grc' dir='ltr'><strong><em>ὥς</em></strong></span> 
     </span>
     <span class='ocr_line' id='line_1_6' title="bbox 460 885 2701 972; baseline -0.001 -18"><span class='ocrx_word' id='word_1_43' title='bbox 460 889 672 972; x_wconf 80' lang='grc' dir='ltr'><em>ἐμάνη,</em></span> <span class='ocrx_word' id='word_1_44' title='bbox 721 885 800 966; x_wconf 79' lang='grc' dir='ltr'><strong><em>ὥς</em></strong></span> <span class='ocrx_word' id='word_1_45' title='bbox 845 893 926 966; x_wconf 84' lang='grc' dir='ltr'><strong><em>εἰς</em></strong></span> <span class='ocrx_word' id='word_1_46' title='bbox 970 887 1176 972; x_wconf 70' lang='grc' dir='ltr'><strong><em>βαθὺν</em></strong></span> <span class='ocrx_word' id='word_1_47' title='bbox 1219 887 1388 954; x_wconf 66' lang='grc' dir='ltr'><strong><em>ὄλοιτ’</em></strong></span> <span class='ocrx_word' id='word_1_48' title='bbox 1439 891 1644 970; x_wconf 76' lang='grc' dir='ltr'><strong><em>ἔρωτα.</em></strong></span> <span class='ocrx_word' id='word_1_49' title='bbox 1732 895 1920 972; x_wconf 86' lang='lat' dir='ltr'><strong><em>Verg.</em></strong></span> <span class='ocrx_word' id='word_1_50' title='bbox 1966 893 2102 953; x_wconf 89' lang='lat' dir='ltr'><strong><em>buc.</em></strong></span> <span class='ocrx_word' id='word_1_51' title='bbox 2147 895 2311 955; x_wconf 89' lang='lat' dir='ltr'><strong>VIII</strong></span> <span class='ocrx_word' id='word_1_52' title='bbox 2355 903 2417 955; x_wconf 81' lang='lat'><strong><em>41</em></strong></span> <span class='ocrx_word' id='word_1_53' title='bbox 2462 905 2521 953; x_wconf 83' lang='lat' dir='ltr'><strong><em>ul</em></strong></span> <span class='ocrx_word' id='word_1_54' title='bbox 2563 900 2701 965; x_wconf 77' lang='lat' dir='ltr'><strong><em>vidi,</em></strong></span> 
     </span>
     <span class='ocr_line' id='line_1_7' title="bbox 461 994 2706 1078; baseline -0.001 -21"><span class='ocrx_word' id='word_1_55' title='bbox 461 1007 523 1057; x_wconf 86' lang='lat' dir='ltr'><strong><em>ut</em></strong></span> <span class='ocrx_word' id='word_1_56' title='bbox 573 1003 754 1073; x_wconf 78' lang='lat' dir='ltr'><strong><em>perii,</em></strong></span> <span class='ocrx_word' id='word_1_57' title='bbox 817 997 1159 1078; x_wconf 90' lang='lat' dir='ltr'><strong><em>eademque</em></strong></span> <span class='ocrx_word' id='word_1_58' title='bbox 1219 999 1506 1076; x_wconf 86' lang='lat' dir='ltr'><strong><em>leguntur</em></strong></span> <span class='ocrx_word' id='word_1_59' title='bbox 1555 995 1675 1056; x_wconf 90' lang='lat' dir='ltr'><strong><em>Cir.</em></strong></span> <span class='ocrx_word' id='word_1_60' title='bbox 1724 1003 1845 1058; x_wconf 80' lang='lat'><strong><em>429.</em></strong></span> <span class='ocrx_word' id='word_1_61' title='bbox 1936 994 2052 1055; x_wconf 86' lang='lat' dir='ltr'><strong><em>Ov.</em></strong></span> <span class='ocrx_word' id='word_1_62' title='bbox 2098 997 2229 1056; x_wconf 89' lang='lat' dir='ltr'><strong><em>her.</em></strong></span> <span class='ocrx_word' id='word_1_63' title='bbox 2285 995 2444 1056; x_wconf 90' lang='lat' dir='ltr'><strong><em>XVI</em></strong></span> <span class='ocrx_word' id='word_1_64' title='bbox 2490 1005 2593 1060; x_wconf 81' lang='lat'><strong><em>133</em></strong></span> <span class='ocrx_word' id='word_1_65' title='bbox 2637 1007 2706 1055; x_wconf 84' lang='lat' dir='ltr'><strong><em>ut</em></strong></span> 
     </span>
     <span class='ocr_line' id='line_1_8' title="bbox 462 1096 2699 1174; baseline -0.001 -15"><span class='ocrx_word' id='word_1_66' title='bbox 462 1104 604 1168; x_wconf 78' lang='lat' dir='ltr'><strong><em>vidi,</em></strong></span> <span class='ocrx_word' id='word_1_67' title='bbox 662 1103 952 1173; x_wconf 75' lang='lat' dir='ltr'><strong><em>obstupui,</em></strong></span> <span class='ocrx_word' id='word_1_68' title='bbox 998 1103 1467 1174; x_wconf 65' lang='lat' dir='ltr'><strong><em>praecordiaque</em></strong></span> <span class='ocrx_word' id='word_1_69' title='bbox 1520 1103 1719 1156; x_wconf 79' lang='lat' dir='ltr'><strong><em>intima</em></strong></span> <span class='ocrx_word' id='word_1_70' title='bbox 1764 1101 1920 1158; x_wconf 81' lang='lat' dir='ltr'><strong><em>sensi</em></strong></span> <span class='ocrx_word' id='word_1_71' title='bbox 1968 1096 1977 1172; x_wconf 87' lang='grc' dir='ltr'>Ι</span> <span class='ocrx_word' id='word_1_72' title='bbox 2030 1102 2301 1156; x_wconf 77' lang='lat' dir='ltr'><strong><em>attonitus</em></strong></span> <span class='ocrx_word' id='word_1_73' title='bbox 2343 1101 2501 1156; x_wconf 80' lang='lat' dir='ltr'><strong><em>curis</em></strong></span> <span class='ocrx_word' id='word_1_74' title='bbox 2543 1103 2699 1156; x_wconf 84' lang='lat' dir='ltr'><strong><em>intu-</em></strong></span> 
     </span>
     <span class='ocr_line' id='line_1_9' title="bbox 461 1199 2701 1274; baseline -0 -15"><span class='ocrx_word' id='word_1_75' title='bbox 461 1206 672 1260; x_wconf 79' lang='lat' dir='ltr'><strong><em>muisse</em></strong></span> <span class='ocrx_word' id='word_1_76' title='bbox 717 1206 891 1260; x_wconf 76' lang='lat' dir='ltr'><strong><em>novis,</em></strong></span> <span class='ocrx_word' id='word_1_77' title='bbox 982 1199 1147 1260; x_wconf 91' lang='lat' dir='ltr'><strong><em>idem</em></strong></span> <span class='ocrx_word' id='word_1_78' title='bbox 1205 1201 1347 1260; x_wconf 75' lang='lat' dir='ltr'><strong><em>met‘.</em></strong></span> <span class='ocrx_word' id='word_1_79' title='bbox 1392 1201 1559 1261; x_wconf 89' lang='lat' dir='ltr'><strong>VIII</strong></span> <span class='ocrx_word' id='word_1_80' title='bbox 1601 1209 1707 1262; x_wconf 74' lang='lat'><strong><em>324</em></strong></span> <span class='ocrx_word' id='word_1_81' title='bbox 1762 1203 1913 1258; x_wconf 78' lang='lat' dir='ltr'><strong><em>hanc</em></strong></span> <span class='ocrx_word' id='word_1_82' title='bbox 1959 1204 2194 1274; x_wconf 81' lang='lat' dir='ltr'><strong><em>pariter</em></strong></span> <span class='ocrx_word' id='word_1_83' title='bbox 2252 1203 2419 1269; x_wconf 83' lang='lat' dir='ltr'><strong><em>vidit,</em></strong></span> <span class='ocrx_word' id='word_1_84' title='bbox 2460 1204 2701 1274; x_wconf 80' lang='lat' dir='ltr'><strong><em>pariter</em></strong></span> 
     </span>
     <span class='ocr_line' id='line_1_10' title="bbox 471 1297 2696 1384; baseline -0.001 -22"><span class='ocrx_word' id='word_1_85' title='bbox 471 1307 818 1378; x_wconf 75' lang='lat' dir='ltr'><strong><em>Calydonius</em></strong></span> <span class='ocrx_word' id='word_1_86' title='bbox 862 1306 1032 1361; x_wconf 77' lang='lat' dir='ltr'><strong><em>heros</em></strong></span> <span class='ocrx_word' id='word_1_87' title='bbox 1070 1297 1082 1383; x_wconf 67' lang='grc' dir='ltr'>ι</span> <span class='ocrx_word' id='word_1_88' title='bbox 1119 1306 1356 1376; x_wconf 82' lang='lat' dir='ltr'><strong><em>optavit.</em></strong></span> <span class='ocrx_word' id='word_1_89' title='bbox 1426 1310 1491 1361; x_wconf 90' lang='lat' dir='ltr'><strong><em>et</em></strong></span> <span class='ocrx_word' id='word_1_90' title='bbox 1533 1300 1679 1360; x_wconf 88' lang='lat' dir='ltr'><strong>ibid.</strong></span> <span class='ocrx_word' id='word_1_91' title='bbox 1726 1302 1826 1361; x_wconf 94' lang='lat' dir='ltr'><strong><em>XI</em></strong></span> <span class='ocrx_word' id='word_1_92' title='bbox 1870 1311 1972 1384; x_wconf 73' lang='lat'><strong><em>395</em></strong></span> <span class='ocrx_word' id='word_1_93' title='bbox 2019 1304 2210 1360; x_wconf 83' lang='lat' dir='ltr'><strong><em>videre</em></strong></span> <span class='ocrx_word' id='word_1_94' title='bbox 2255 1304 2409 1360; x_wconf 78' lang='lat' dir='ltr'><strong><em>hanc</em></strong></span> <span class='ocrx_word' id='word_1_95' title='bbox 2442 1309 2696 1375; x_wconf 79' lang='lat' dir='ltr'><strong><em>pariter.</em></strong></span> 
     </span>
     <span class='ocr_line' id='line_1_11' title="bbox 454 1403 2697 1484; baseline 0 -22"><span class='ocrx_word' id='word_1_96' title='bbox 454 1410 686 1480; x_wconf 81' lang='lat' dir='ltr'><strong><em>pariter</em></strong></span> <span class='ocrx_word' id='word_1_97' title='bbox 744 1413 988 1463; x_wconf 78' lang='lat' dir='ltr'><strong><em>traxere</em></strong></span> <span class='ocrx_word' id='word_1_98' title='bbox 1043 1408 1310 1462; x_wconf 85' lang='lat' dir='ltr'><strong><em>colorem.</em></strong></span> <span class='ocrx_word' id='word_1_99' title='bbox 1403 1403 1621 1484; x_wconf 89' lang='lat' dir='ltr'><strong><em>quibus</em></strong></span> <span class='ocrx_word' id='word_1_100' title='bbox 1678 1403 1915 1462; x_wconf 81' lang='lat' dir='ltr'><strong><em>vicina</em></strong></span> <span class='ocrx_word' id='word_1_101' title='bbox 1951 1409 2096 1462; x_wconf 87' lang='lat' dir='ltr'><strong><em>sunt</em></strong></span> <span class='ocrx_word' id='word_1_102' title='bbox 2161 1423 2318 1483; x_wconf 90' lang='lat' dir='ltr'><strong><em>quae</em></strong></span> <span class='ocrx_word' id='word_1_103' title='bbox 2383 1403 2697 1462; x_wconf 85' lang='lat' dir='ltr'><strong><em>inferioris</em></strong></span> 
     </span>
    </p>
   </div>
   <div class='ocr_carea' id='block_1_3' title="bbox 355 1504 2696 1587">
    <p class='ocr_par' dir='ltr' id='par_1_3' title="bbox 355 1504 2696 1587">
     <span class='ocr_line' id='line_1_12' title="bbox 355 1504 2696 1587; baseline -0.003 -17"><span class='ocrx_word' id='word_1_104' title='bbox 355 1566 360 1570; x_wconf 92' lang='lat'><strong><em>.</em></strong></span> <span class='ocrx_word' id='word_1_105' title='bbox 466 1508 686 1567; x_wconf 84' lang='lat' dir='ltr'><strong><em>aetatis</em></strong></span> <span class='ocrx_word' id='word_1_106' title='bbox 733 1515 958 1587; x_wconf 86' lang='lat' dir='ltr'><strong><em>poetae</em></strong></span> <span class='ocrx_word' id='word_1_107' title='bbox 1003 1505 1443 1585; x_wconf 88' lang='lat' dir='ltr'><strong><em>sophistaeque</em></strong></span> <span class='ocrx_word' id='word_1_108' title='bbox 1491 1505 1569 1564; x_wconf 91' lang='lat' dir='ltr'><strong><em>de</em></strong></span> <span class='ocrx_word' id='word_1_109' title='bbox 1618 1505 1927 1564; x_wconf 87' lang='lat' dir='ltr'><strong><em>oculorum</em></strong></span> <span class='ocrx_word' id='word_1_110' title='bbox 1972 1504 2051 1562; x_wconf 89' lang='lat' dir='ltr'><strong><em>ad</em></strong></span> <span class='ocrx_word' id='word_1_111' title='bbox 2110 1524 2378 1564; x_wconf 90' lang='lat' dir='ltr'><strong><em>amorem</em></strong></span> <span class='ocrx_word' id='word_1_112' title='bbox 2423 1505 2696 1564; x_wconf 83' lang='lat' dir='ltr'><strong><em>excitan-</em></strong></span> 
     </span>
    </p>
   </div>
   <div class='ocr_carea' id='block_1_4' title="bbox 461 1606 2716 3934">
    <p class='ocr_par' dir='ltr' id='par_1_4' title="bbox 461 1606 2716 3934">
     <span class='ocr_line' id='line_1_13' title="bbox 467 1606 2697 1687; baseline -0.001 -19"><span class='ocrx_word' id='word_1_113' title='bbox 467 1610 610 1669; x_wconf 92' lang='lat' dir='ltr'><strong><em>dum</em></strong></span> <span class='ocrx_word' id='word_1_114' title='bbox 653 1609 717 1668; x_wconf 85' lang='lat' dir='ltr'><strong><em>vi</em></strong></span> <span class='ocrx_word' id='word_1_115' title='bbox 763 1629 834 1668; x_wconf 91' lang='lat' dir='ltr'><strong><em>ac</em></strong></span> <span class='ocrx_word' id='word_1_116' title='bbox 890 1615 1200 1687; x_wconf 81' lang='lat' dir='ltr'><strong><em>potestate</em></strong></span> <span class='ocrx_word' id='word_1_117' title='bbox 1257 1606 1638 1680; x_wconf 77' lang='lat' dir='ltr'><strong><em>fabulantur,</em></strong></span> <span class='ocrx_word' id='word_1_118' title='bbox 1700 1614 1975 1666; x_wconf 87' lang='lat' dir='ltr'><strong><em>terentes</em></strong></span> <span class='ocrx_word' id='word_1_119' title='bbox 2036 1607 2093 1665; x_wconf 88' lang='lat' dir='ltr'><strong><em>ei</em></strong></span> <span class='ocrx_word' id='word_1_120' title='bbox 2137 1615 2201 1665; x_wconf 92' lang='lat' dir='ltr'><strong><em>ut</em></strong></span> <span class='ocrx_word' id='word_1_121' title='bbox 2250 1606 2526 1666; x_wconf 86' lang='lat' dir='ltr'><strong><em>eiusdem</em></strong></span> <span class='ocrx_word' id='word_1_122' title='bbox 2572 1607 2697 1665; x_wconf 90' lang='lat' dir='ltr'><strong><em>alia</em></strong></span> 
     </span>
     <span class='ocr_line' id='line_1_14' title="bbox 461 1697 2699 1789; baseline -0.002 -20"><span class='ocrx_word' id='word_1_123' title='bbox 461 1710 740 1769; x_wconf 85' lang='lat' dir='ltr'><strong><em>Platonis</em></strong></span> <span class='ocrx_word' id='word_1_124' title='bbox 787 1708 939 1770; x_wconf 86' lang='lat' dir='ltr'><strong><em>illud</em></strong></span> <span class='ocrx_word' id='word_1_125' title='bbox 984 1709 1252 1768; x_wconf 88' lang='lat' dir='ltr'><strong><em>Phaedr.</em></strong></span> <span class='ocrx_word' id='word_1_126' title='bbox 1299 1719 1360 1771; x_wconf 85' lang='lat'><strong><em>31</em></strong></span> <span class='ocrx_word' id='word_1_127' title='bbox 1411 1731 1474 1789; x_wconf 86' lang='lat' dir='ltr'><strong><em>p.</em></strong></span> <span class='ocrx_word' id='word_1_128' title='bbox 1521 1718 1617 1770; x_wconf 81' lang='lat'><strong><em>251</em></strong></span> <span class='ocrx_word' id='word_1_129' title='bbox 1654 1709 1704 1767; x_wconf 91' lang='grc' dir='ltr'>Β</span> <span class='ocrx_word' id='word_1_130' title='bbox 1766 1697 2079 1782; x_wconf 84' lang='grc' dir='ltr'><strong><em>δεξάμενος</em></strong></span> <span class='ocrx_word' id='word_1_131' title='bbox 2136 1700 2249 1785; x_wconf 72' lang='grc' dir='ltr'><strong><em>γὰρ</em></strong></span> <span class='ocrx_word' id='word_1_132' title='bbox 2293 1707 2399 1764; x_wconf 83' lang='grc' dir='ltr'><strong><em>τοῦ</em></strong></span> <span class='ocrx_word' id='word_1_133' title='bbox 2444 1699 2699 1778; x_wconf 75' lang='grc' dir='ltr'><strong><em>κάλλους</em></strong></span> 
     </span>
     <span class='ocr_line' id='line_1_15' title="bbox 461 1799 2698 1890; baseline 0 -20"><span class='ocrx_word' id='word_1_134' title='bbox 461 1805 570 1886; x_wconf 83' lang='grc' dir='ltr'><strong><em>τὴν</em></strong></span> <span class='ocrx_word' id='word_1_135' title='bbox 614 1799 922 1888; x_wconf 69' lang='grc' dir='ltr'><strong><em>ἀπορροὴν</em></strong></span> <span class='ocrx_word' id='word_1_136' title='bbox 971 1805 1068 1868; x_wconf 77' lang='grc' dir='ltr'><strong><em>διὰ</em></strong></span> <span class='ocrx_word' id='word_1_137' title='bbox 1111 1810 1232 1868; x_wconf 80' lang='grc' dir='ltr'><strong><em>τῶν</em></strong></span> <span class='ocrx_word' id='word_1_138' title='bbox 1288 1801 1597 1890; x_wconf 27' lang='grc' dir='ltr'><strong><em>ὀμμάτων,</em></strong></span> <span class='ocrx_word' id='word_1_139' title='bbox 1626 1799 1980 1886; x_wconf 75' lang='grc' dir='ltr'><em>ἐθερμάνθη</em></span> <span class='ocrx_word' id='word_1_140' title='bbox 2040 1829 2091 1868; x_wconf 91' lang='lat' dir='ltr'><strong><em>e.</em></strong></span> <span class='ocrx_word' id='word_1_141' title='bbox 2142 1830 2201 1890; x_wconf 88' lang='lat' dir='ltr'><strong><em>q.</em></strong></span> <span class='ocrx_word' id='word_1_142' title='bbox 2246 1831 2296 1868; x_wconf 80' lang='lat' dir='ltr'><strong><em>s,</em></strong></span> <span class='ocrx_word' id='word_1_143' title='bbox 2343 1809 2419 1868; x_wconf 90' lang='lat' dir='ltr'><strong><em>cf.</em></strong></span> <span class='ocrx_word' id='word_1_144' title='bbox 2469 1810 2698 1871; x_wconf 88' lang='lat' dir='ltr'><strong><em>Achill.</em></strong></span> 
     </span>
     <span class='ocr_line' id='line_1_16' title="bbox 465 1897 2701 1989; baseline -0.001 -17"><span class='ocrx_word' id='word_1_145' title='bbox 465 1915 608 1972; x_wconf 87' lang='lat' dir='ltr'><strong><em>Tat.</em></strong></span> <span class='ocrx_word' id='word_1_146' title='bbox 655 1914 688 1973; x_wconf 97' lang='lat' dir='ltr'><strong>I</strong></span> <span class='ocrx_word' id='word_1_147' title='bbox 732 1922 782 1986; x_wconf 78' lang='lat'><strong><em>4,</em></strong></span> <span class='ocrx_word' id='word_1_148' title='bbox 817 1924 851 1972; x_wconf 79' lang='lat'>4</span> <span class='ocrx_word' id='word_1_149' title='bbox 895 1901 972 1981; x_wconf 78' lang='grc' dir='ltr'><strong><em>ὡς</em></strong></span> <span class='ocrx_word' id='word_1_150' title='bbox 1019 1907 1082 1970; x_wconf 86' lang='grc' dir='ltr'><strong><em>δὲ</em></strong></span> <span class='ocrx_word' id='word_1_151' title='bbox 1127 1903 1306 1983; x_wconf 84' lang='grc' dir='ltr'><em>εἶδον,</em></span> <span class='ocrx_word' id='word_1_152' title='bbox 1353 1899 1542 1981; x_wconf 77' lang='grc' dir='ltr'><strong><em>εὗθῦς</em></strong></span> <span class='ocrx_word' id='word_1_153' title='bbox 1585 1897 1955 1968; x_wconf 80' lang='grc' dir='ltr'><strong><em>ἆπωλώλειν·</em></strong></span> <span class='ocrx_word' id='word_1_154' title='bbox 2002 1903 2217 1980; x_wconf 83' lang='grc' dir='ltr'><strong><em>κάλλος</em></strong></span> <span class='ocrx_word' id='word_1_155' title='bbox 2262 1902 2375 1987; x_wconf 74' lang='grc' dir='ltr'><strong><em>γὰρ</em></strong></span> <span class='ocrx_word' id='word_1_156' title='bbox 2421 1903 2701 1989; x_wconf 80' lang='grc' dir='ltr'><strong><em>ὀξύτερον</em></strong></span> 
     </span>
     <span class='ocr_line' id='line_1_17' title="bbox 465 2000 2700 2091; baseline 0 -21"><span class='ocrx_word' id='word_1_157' title='bbox 465 2007 772 2091; x_wconf 65' lang='grc' dir='ltr'><strong><em>τιτρώσκει</em></strong></span> <span class='ocrx_word' id='word_1_158' title='bbox 819 2009 1028 2090; x_wconf 83' lang='grc' dir='ltr'><em>βέλους</em></span> <span class='ocrx_word' id='word_1_159' title='bbox 1073 2009 1174 2071; x_wconf 83' lang='grc' dir='ltr'><strong><em>καὶ</em></strong></span> <span class='ocrx_word' id='word_1_160' title='bbox 1221 2000 1320 2071; x_wconf 73' lang='grc' dir='ltr'><strong><em>διά</em></strong></span> <span class='ocrx_word' id='word_1_161' title='bbox 1364 2013 1481 2071; x_wconf 81' lang='grc' dir='ltr'><strong><em>τῶν</em></strong></span> <span class='ocrx_word' id='word_1_162' title='bbox 1525 2003 1867 2087; x_wconf 78' lang='grc' dir='ltr'><em>ὀφθαλμῶν</em></span> <span class='ocrx_word' id='word_1_163' title='bbox 1912 2007 1969 2082; x_wconf 76' lang='grc' dir='ltr'><strong><em>ἐς</em></strong></span> <span class='ocrx_word' id='word_1_164' title='bbox 2000 2002 2108 2086; x_wconf 77' lang='grc' dir='ltr'><strong><em>τὴν</em></strong></span> <span class='ocrx_word' id='word_1_165' title='bbox 2138 2001 2342 2090; x_wconf 84' lang='grc' dir='ltr'><em>ψυχὴν</em></span> <span class='ocrx_word' id='word_1_166' title='bbox 2386 2017 2700 2090; x_wconf 80' lang='grc' dir='ltr'><strong><em>καταρρεῖ.</em></strong></span> 
     </span>
     <span class='ocr_line' id='line_1_18' title="bbox 465 2094 2703 2196; baseline 0.001 -24"><span class='ocrx_word' id='word_1_167' title='bbox 465 2102 856 2195; x_wconf 37' lang='grc' dir='ltr'><strong><em>ὂιφθαλμός</em></strong></span> <span class='ocrx_word' id='word_1_168' title='bbox 928 2103 1062 2192; x_wconf 73' lang='grc' dir='ltr'><strong><em>γὰρ</em></strong></span> <span class='ocrx_word' id='word_1_169' title='bbox 1135 2105 1300 2186; x_wconf 81' lang='grc' dir='ltr'><strong><em>ὃδὸς</em></strong></span> <span class='ocrx_word' id='word_1_170' title='bbox 1375 2094 1705 2196; x_wconf 77' lang='grc' dir='ltr'><strong><em>ἐρωτικῷ</em></strong></span> <span class='ocrx_word' id='word_1_171' title='bbox 1778 2103 2215 2193; x_wconf 54' lang='lat' dir='ltr'><strong><em>spatianti-ast)</em></strong></span> <span class='ocrx_word' id='word_1_172' title='bbox 2307 2116 2474 2175; x_wconf 84' lang='lat' dir='ltr'><strong><em>cuius</em></strong></span> <span class='ocrx_word' id='word_1_173' title='bbox 2530 2117 2703 2176; x_wconf 91' lang='lat' dir='ltr'><strong><em>modi</em></strong></span> 
     </span>
     <span class='ocr_line' id='line_1_19' title="bbox 463 2216 2700 2296; baseline 0.002 -20"><span class='ocrx_word' id='word_1_174' title='bbox 463 2218 642 2295; x_wconf 83' lang='lat' dir='ltr'><strong><em>plura</em></strong></span> <span class='ocrx_word' id='word_1_175' title='bbox 716 2237 1086 2296; x_wconf 78' lang='lat' dir='ltr'><strong>congessere</strong></span> <span class='ocrx_word' id='word_1_176' title='bbox 1148 2217 1545 2276; x_wconf 86' lang='lat' dir='ltr'><strong><em>Heinrichius</em></strong></span> <span class='ocrx_word' id='word_1_177' title='bbox 1614 2216 1694 2277; x_wconf 91' lang='lat' dir='ltr'><strong><em>ad</em></strong></span> <span class='ocrx_word' id='word_1_178' title='bbox 1753 2217 1910 2276; x_wconf 81' lang='lat' dir='ltr'><strong><em>Mus,</em></strong></span> <span class='ocrx_word' id='word_1_179' title='bbox 1981 2216 2059 2274; x_wconf 91' lang='lat' dir='ltr'><strong><em>de</em></strong></span> <span class='ocrx_word' id='word_1_180' title='bbox 2120 2218 2271 2276; x_wconf 84' lang='lat' dir='ltr'><strong><em>Her.</em></strong></span> <span class='ocrx_word' id='word_1_181' title='bbox 2326 2238 2385 2276; x_wconf 86' lang='lat' dir='ltr'><strong><em>v.</em></strong></span> <span class='ocrx_word' id='word_1_182' title='bbox 2432 2225 2700 2293; x_wconf 82' lang='grc'><strong>92-95,</strong></span> 
     </span>
     <span class='ocr_line' id='line_1_20' title="bbox 464 2318 2703 2399; baseline 0.001 -22"><span class='ocrx_word' id='word_1_183' title='bbox 464 2319 936 2399; x_wconf 85' lang='lat' dir='ltr'><strong><em>Peerlkampius</em></strong></span> <span class='ocrx_word' id='word_1_184' title='bbox 983 2319 1064 2378; x_wconf 90' lang='lat' dir='ltr'><strong><em>ad</em></strong></span> <span class='ocrx_word' id='word_1_185' title='bbox 1096 2319 1392 2398; x_wconf 86' lang='lat' dir='ltr'><strong><em>Xenoph.</em></strong></span> <span class='ocrx_word' id='word_1_186' title='bbox 1437 2319 1604 2398; x_wconf 88' lang='lat' dir='ltr'><strong><em>Eph.</em></strong></span> <span class='ocrx_word' id='word_1_187' title='bbox 1650 2340 1712 2398; x_wconf 87' lang='lat' dir='ltr'><strong><em>p.</em></strong></span> <span class='ocrx_word' id='word_1_188' title='bbox 1752 2325 1867 2391; x_wconf 86' lang='lat'>103,</span> <span class='ocrx_word' id='word_1_189' title='bbox 1916 2318 2230 2378; x_wconf 88' lang='lat' dir='ltr'><strong><em>Iacobsius</em></strong></span> <span class='ocrx_word' id='word_1_190' title='bbox 2278 2319 2585 2379; x_wconf 84' lang='lat' dir='ltr'><strong><em>animadv.</em></strong></span> <span class='ocrx_word' id='word_1_191' title='bbox 2620 2321 2703 2379; x_wconf 90' lang='lat' dir='ltr'><strong><em>ad</em></strong></span> 
     </span>
     <span class='ocr_line' id='line_1_21' title="bbox 471 2419 2707 2498; baseline 0.002 -22"><span class='ocrx_word' id='word_1_192' title='bbox 471 2419 641 2478; x_wconf 87' lang='lat' dir='ltr'><strong><em>anth.</em></strong></span> <span class='ocrx_word' id='word_1_193' title='bbox 692 2419 797 2480; x_wconf 83' lang='lat' dir='ltr'><strong><em>Gr.</em></strong></span> <span class='ocrx_word' id='word_1_194' title='bbox 847 2422 879 2478; x_wconf 94' lang='lat' dir='ltr'><strong>I</strong></span> <span class='ocrx_word' id='word_1_195' title='bbox 928 2432 950 2481; x_wconf 92' lang='lat' dir='ltr'><strong><em>l</em></strong></span> <span class='ocrx_word' id='word_1_196' title='bbox 1001 2441 1062 2498; x_wconf 87' lang='lat' dir='ltr'><strong><em>p.</em></strong></span> <span class='ocrx_word' id='word_1_197' title='bbox 1113 2431 1195 2495; x_wconf 86' lang='lat'><strong><em>19,</em></strong></span> <span class='ocrx_word' id='word_1_198' title='bbox 1242 2422 1535 2479; x_wconf 83' lang='lat' dir='ltr'><strong><em>Pricaeus</em></strong></span> <span class='ocrx_word' id='word_1_199' title='bbox 1581 2419 1661 2478; x_wconf 90' lang='lat' dir='ltr'><strong><em>ad</em></strong></span> <span class='ocrx_word' id='word_1_200' title='bbox 1692 2419 1879 2498; x_wconf 84' lang='lat' dir='ltr'><strong><em>Apul.</em></strong></span> <span class='ocrx_word' id='word_1_201' title='bbox 1927 2429 2063 2485; x_wconf 88' lang='lat' dir='ltr'><strong><em>met,</em></strong></span> <span class='ocrx_word' id='word_1_202' title='bbox 2110 2421 2175 2479; x_wconf 93' lang='lat' dir='ltr'><strong>X</strong></span> <span class='ocrx_word' id='word_1_203' title='bbox 2218 2429 2253 2482; x_wconf 85' lang='lat'><strong>3</strong></span> <span class='ocrx_word' id='word_1_204' title='bbox 2298 2421 2396 2480; x_wconf 90' lang='lat' dir='ltr'><strong><em>ed.</em></strong></span> <span class='ocrx_word' id='word_1_205' title='bbox 2446 2419 2707 2480; x_wconf 89' lang='lat' dir='ltr'><strong><em>Ouden-</em></strong></span> 
     </span>
     <span class='ocr_line' id='line_1_22' title="bbox 467 2521 2709 2602; baseline 0.001 -23"><span class='ocrx_word' id='word_1_206' title='bbox 467 2521 644 2600; x_wconf 86' lang='lat' dir='ltr'><strong><em>dorp.</em></strong></span> <span class='ocrx_word' id='word_1_207' title='bbox 689 2523 791 2580; x_wconf 93' lang='grc' dir='ltr'><strong><em>ΙΙΙ</em></strong></span> <span class='ocrx_word' id='word_1_208' title='bbox 836 2543 898 2600; x_wconf 90' lang='lat' dir='ltr'><strong><em>p.</em></strong></span> <span class='ocrx_word' id='word_1_209' title='bbox 932 2529 1064 2595; x_wconf 81' lang='lat'>375,</span> <span class='ocrx_word' id='word_1_210' title='bbox 1117 2542 1371 2602; x_wconf 88' lang='lat' dir='ltr'><strong><em>quorum</em></strong></span> <span class='ocrx_word' id='word_1_211' title='bbox 1418 2522 1717 2600; x_wconf 84' lang='lat' dir='ltr'><strong><em>exemplis</em></strong></span> <span class='ocrx_word' id='word_1_212' title='bbox 1764 2521 1933 2580; x_wconf 85' lang='lat' dir='ltr'><strong><em>facili</em></strong></span> <span class='ocrx_word' id='word_1_213' title='bbox 1979 2522 2231 2600; x_wconf 85' lang='lat' dir='ltr'><strong><em>negotio</em></strong></span> <span class='ocrx_word' id='word_1_214' title='bbox 2278 2532 2535 2600; x_wconf 80' lang='lat' dir='ltr'><strong><em>possent</em></strong></span> <span class='ocrx_word' id='word_1_215' title='bbox 2580 2525 2709 2582; x_wconf 89' lang='lat' dir='ltr'><strong><em>alia</em></strong></span> 
     </span>
     <span class='ocr_line' id='line_1_23' title="bbox 467 2622 2707 2704; baseline 0.001 -23"><span class='ocrx_word' id='word_1_216' title='bbox 467 2623 662 2682; x_wconf 92' lang='lat' dir='ltr'><strong><em>multa</em></strong></span> <span class='ocrx_word' id='word_1_217' title='bbox 708 2622 961 2683; x_wconf 86' lang='lat' dir='ltr'><strong><em>adstrui.</em></strong></span> <span class='ocrx_word' id='word_1_218' title='bbox 1024 2632 1210 2704; x_wconf 89' lang='lat' dir='ltr'><strong><em>atque</em></strong></span> <span class='ocrx_word' id='word_1_219' title='bbox 1245 2623 1462 2682; x_wconf 89' lang='lat' dir='ltr'><strong><em>eodem</em></strong></span> <span class='ocrx_word' id='word_1_220' title='bbox 1490 2622 1651 2682; x_wconf 85' lang='lat' dir='ltr'><strong><em>redit</em></strong></span> <span class='ocrx_word' id='word_1_221' title='bbox 1698 2623 2009 2682; x_wconf 86' lang='lat' dir='ltr'><strong><em>sententia</em></strong></span> <span class='ocrx_word' id='word_1_222' title='bbox 2055 2623 2362 2704; x_wconf 85' lang='lat' dir='ltr'><strong><em>quaedam</em></strong></span> <span class='ocrx_word' id='word_1_223' title='bbox 2407 2644 2443 2682; x_wconf 94' lang='lat' dir='ltr'><strong><em>a</em></strong></span> <span class='ocrx_word' id='word_1_224' title='bbox 2471 2625 2707 2684; x_wconf 89' lang='lat' dir='ltr'><strong><em>Nonno</em></strong></span> 
     </span>
     <span class='ocr_line' id='line_1_24' title="bbox 469 2724 2708 2806; baseline 0.001 -23"><span class='ocrx_word' id='word_1_225' title='bbox 469 2725 896 2804; x_wconf 87' lang='lat' dir='ltr'><strong><em>frequentata,</em></strong></span> <span class='ocrx_word' id='word_1_226' title='bbox 949 2745 1109 2806; x_wconf 90' lang='lat' dir='ltr'><strong><em>quae</em></strong></span> <span class='ocrx_word' id='word_1_227' title='bbox 1160 2745 1296 2784; x_wconf 90' lang='lat' dir='ltr'><strong><em>eam</em></strong></span> <span class='ocrx_word' id='word_1_228' title='bbox 1338 2724 1529 2784; x_wconf 90' lang='lat' dir='ltr'><strong><em>habet</em></strong></span> <span class='ocrx_word' id='word_1_229' title='bbox 1570 2725 1873 2803; x_wconf 90' lang='lat' dir='ltr'><strong><em>speciem,</em></strong></span> <span class='ocrx_word' id='word_1_230' title='bbox 1919 2733 1985 2784; x_wconf 90' lang='lat' dir='ltr'><strong><em>ut</em></strong></span> <span class='ocrx_word' id='word_1_231' title='bbox 2030 2745 2067 2784; x_wconf 89' lang='lat' dir='ltr'><strong><em>a</em></strong></span> <span class='ocrx_word' id='word_1_232' title='bbox 2099 2725 2473 2785; x_wconf 82' lang='lat' dir='ltr'><strong><em>Callimacho</em></strong></span> <span class='ocrx_word' id='word_1_233' title='bbox 2519 2727 2708 2787; x_wconf 87' lang='lat' dir='ltr'><strong><em>facile</em></strong></span> 
     </span>
     <span class='ocr_line' id='line_1_25' title="bbox 467 2826 2707 2908; baseline 0.002 -25"><span class='ocrx_word' id='word_1_234' title='bbox 467 2826 753 2894; x_wconf 84' lang='lat' dir='ltr'><strong><em>videatur</em></strong></span> <span class='ocrx_word' id='word_1_235' title='bbox 783 2829 1081 2906; x_wconf 86' lang='lat' dir='ltr'><strong><em>profecta,</em></strong></span> <span class='ocrx_word' id='word_1_236' title='bbox 1112 2847 1245 2886; x_wconf 93' lang='lat' dir='ltr'><strong><em>cum</em></strong></span> <span class='ocrx_word' id='word_1_237' title='bbox 1274 2827 1638 2905; x_wconf 87' lang='lat' dir='ltr'><strong><em>praesertim</em></strong></span> <span class='ocrx_word' id='word_1_238' title='bbox 1671 2826 1936 2886; x_wconf 90' lang='lat' dir='ltr'><strong><em>eandem</em></strong></span> <span class='ocrx_word' id='word_1_239' title='bbox 1967 2827 2132 2908; x_wconf 85' lang='lat' dir='ltr'><strong><em>apud</em></strong></span> <span class='ocrx_word' id='word_1_240' title='bbox 2156 2826 2446 2888; x_wconf 88' lang='lat' dir='ltr'><strong><em>Ovidium</em></strong></span> <span class='ocrx_word' id='word_1_241' title='bbox 2476 2849 2707 2906; x_wconf 87' lang='lat' dir='ltr'><strong><em>cogna-</em></strong></span> 
     </span>
     <span class='ocr_line' id='line_1_26' title="bbox 467 2919 2709 3010; baseline 0.004 -25"><span class='ocrx_word' id='word_1_242' title='bbox 467 2938 676 2986; x_wconf 85' lang='lat' dir='ltr'><strong><em>tumve</em></strong></span> <span class='ocrx_word' id='word_1_243' title='bbox 735 2937 984 3007; x_wconf 89' lang='lat' dir='ltr'><strong><em>poetam</em></strong></span> <span class='ocrx_word' id='word_1_244' title='bbox 1039 2929 1249 3006; x_wconf 83' lang='lat' dir='ltr'><strong><em>legere</em></strong></span> <span class='ocrx_word' id='word_1_245' title='bbox 1306 2929 1718 2987; x_wconf 88' lang='lat' dir='ltr'><strong>meminerim:</strong></span> <span class='ocrx_word' id='word_1_246' title='bbox 1786 2929 1976 2990; x_wconf 90' lang='lat' dir='ltr'><strong><em>Dion.</em></strong></span> <span class='ocrx_word' id='word_1_247' title='bbox 2022 2931 2150 2990; x_wconf 89' lang='lat' dir='ltr'><strong><em>VH</em></strong></span> <span class='ocrx_word' id='word_1_248' title='bbox 2191 2937 2294 2994; x_wconf 89' lang='grc'><strong><em>279</em></strong></span> <span class='ocrx_word' id='word_1_249' title='bbox 2352 2927 2533 3010; x_wconf 81' lang='grc' dir='ltr'><em>φιλίῳ</em></span> <span class='ocrx_word' id='word_1_250' title='bbox 2588 2919 2709 3007; x_wconf 67' lang='grc' dir='ltr'><strong><em>γάρ</em></strong></span> 
     </span>
     <span class='ocr_line' id='line_1_27' title="bbox 467 3021 2709 3108; baseline 0.003 -24"><span class='ocrx_word' id='word_1_251' title='bbox 467 3024 616 3104; x_wconf 79' lang='grc' dir='ltr'><strong><em>ἔρως</em></strong></span> <span class='ocrx_word' id='word_1_252' title='bbox 669 3023 807 3086; x_wconf 84' lang='grc' dir='ltr'><strong><em>πέλε</em></strong></span> <span class='ocrx_word' id='word_1_253' title='bbox 862 3021 1130 3104; x_wconf 81' lang='grc' dir='ltr'><strong><em>θαύματι</em></strong></span> <span class='ocrx_word' id='word_1_254' title='bbox 1175 3027 1416 3106; x_wconf 73' lang='grc' dir='ltr'><strong><em>γείτων,</em></strong></span> <span class='ocrx_word' id='word_1_255' title='bbox 1475 3030 1541 3089; x_wconf 90' lang='grc' dir='ltr'>Χ</span> <span class='ocrx_word' id='word_1_256' title='bbox 1583 3038 1687 3092; x_wconf 87' lang='grc'><strong><em>289</em></strong></span> <span class='ocrx_word' id='word_1_257' title='bbox 1741 3022 2011 3106; x_wconf 80' lang='grc' dir='ltr'><strong><em>θαύματι</em></strong></span> <span class='ocrx_word' id='word_1_258' title='bbox 2051 3028 2301 3107; x_wconf 84' lang='grc' dir='ltr'><strong><em>φίλτρον</em></strong></span> <span class='ocrx_word' id='word_1_259' title='bbox 2344 3029 2495 3108; x_wconf 73' lang='grc' dir='ltr'><em>ἔχων</em></span> <span class='ocrx_word' id='word_1_260' title='bbox 2540 3051 2709 3090; x_wconf 84' lang='grc' dir='ltr'><strong><em>κεκε-</em></strong></span> 
     </span>
     <span class='ocr_line' id='line_1_28' title="bbox 466 3122 2711 3239; baseline 0.004 -54"><span class='ocrx_word' id='word_1_261' title='bbox 466 3125 787 3207; x_wconf 85' lang='grc' dir='ltr'><strong><em>ρασμένου,</em></strong></span> <span class='ocrx_word' id='word_1_262' title='bbox 845 3131 1034 3190; x_wconf 92' lang='lat' dir='ltr'><strong>XLII</strong></span> <span class='ocrx_word' id='word_1_263' title='bbox 1090 3139 1158 3192; x_wconf 81' lang='lat'><strong><em>42</em></strong></span> <span class='ocrx_word' id='word_1_264' title='bbox 1213 3125 1456 3207; x_wconf 85' lang='grc' dir='ltr'><strong><em>θάμβος</em></strong></span> <span class='ocrx_word' id='word_1_265' title='bbox 1513 3127 1663 3207; x_wconf 76' lang='grc' dir='ltr'><em>ἔχων</em></span> <span class='ocrx_word' id='word_1_266' title='bbox 1722 3122 2003 3239; x_wconf 76' lang='grc' dir='ltr'><strong><em>ὀχετηγόν</em></strong></span> <span class='ocrx_word' id='word_1_267' title='bbox 2058 3127 2115 3202; x_wconf 80' lang='grc' dir='ltr'><strong><em>ἐς</em></strong></span> <span class='ocrx_word' id='word_1_268' title='bbox 2171 3129 2407 3209; x_wconf 77' lang='grc' dir='ltr'><strong><em>ἵμερον,</em></strong></span> <span class='ocrx_word' id='word_1_269' title='bbox 2453 3133 2711 3194; x_wconf 93' lang='lat' dir='ltr'><strong>XLVII</strong></span> 
     </span>
     <span class='ocr_line' id='line_1_29' title="bbox 464 3207 2705 3318; baseline -0 -27"><span class='ocrx_word' id='word_1_270' title='bbox 464 3240 564 3295; x_wconf 87' lang='grc'><strong><em>271</em></strong></span> <span class='ocrx_word' id='word_1_271' title='bbox 613 3253 752 3313; x_wconf 85' lang='lat' dir='ltr'><strong><em>sqq.</em></strong></span> <span class='ocrx_word' id='word_1_272' title='bbox 799 3222 1103 3307; x_wconf 81' lang='grc' dir='ltr'><em>ὖπναλέην</em></span> <span class='ocrx_word' id='word_1_273' title='bbox 1151 3227 1213 3292; x_wconf 82' lang='grc' dir='ltr'><strong><em>δὲ</em></strong></span> <span class='ocrx_word' id='word_1_274' title='bbox 1263 3234 1270 3310; x_wconf 91' lang='grc' dir='ltr'>Ι</span> <span class='ocrx_word' id='word_1_275' title='bbox 1320 3220 1597 3310; x_wconf 84' lang='grc' dir='ltr'><strong><em>αθρήσας</em></strong></span> <span class='ocrx_word' id='word_1_276' title='bbox 1645 3207 1937 3303; x_wconf 84' lang='grc' dir='ltr'><strong><em>Διόνυσος</em></strong></span> <span class='ocrx_word' id='word_1_277' title='bbox 1994 3228 2283 3311; x_wconf 76' lang='grc' dir='ltr'><strong><em>ἐρημαίην</em></strong></span> <span class='ocrx_word' id='word_1_278' title='bbox 2318 3223 2645 3309; x_wconf 74' lang='grc' dir='ltr'><em>Ἀριάδνην</em></span> <span class='ocrx_word' id='word_1_279' title='bbox 2698 3233 2705 3318; x_wconf 86' lang='grc' dir='ltr'>Ι</span> 
     </span>
     <span class='ocr_line' id='line_1_30' title="bbox 465 3326 2708 3422; baseline 0.004 -32"><span class='ocrx_word' id='word_1_280' title='bbox 465 3326 732 3408; x_wconf 83' lang='grc' dir='ltr'><strong><em>θαύματι</em></strong></span> <span class='ocrx_word' id='word_1_281' title='bbox 777 3334 943 3409; x_wconf 83' lang='grc' dir='ltr'><strong><em>μῑξεν</em></strong></span> <span class='ocrx_word' id='word_1_282' title='bbox 990 3331 1190 3411; x_wconf 18' lang='grc' dir='ltr'><strong><em>ἒᾛρωτα</em></strong></span> <span class='ocrx_word' id='word_1_283' title='bbox 1284 3355 1539 3422; x_wconf 87' lang='lat' dir='ltr'><strong><em>quorum</em></strong></span> <span class='ocrx_word' id='word_1_284' title='bbox 1594 3337 1794 3394; x_wconf 85' lang='lat' dir='ltr'><strong><em>simile</em></strong></span> <span class='ocrx_word' id='word_1_285' title='bbox 1852 3335 2089 3416; x_wconf 92' lang='lat' dir='ltr'><strong><em>aliquid</em></strong></span> <span class='ocrx_word' id='word_1_286' title='bbox 2135 3335 2581 3397; x_wconf 82' lang='lat' dir='ltr'><strong><em>Callimachum</em></strong></span> <span class='ocrx_word' id='word_1_287' title='bbox 2629 3359 2708 3398; x_wconf 87' lang='lat' dir='ltr'><strong><em>eo</em></strong></span> 
     </span>
     <span class='ocr_line' id='line_1_31' title="bbox 467 3432 2710 3519; baseline 0.004 -26"><span class='ocrx_word' id='word_1_288' title='bbox 467 3436 599 3494; x_wconf 90' lang='lat' dir='ltr'><strong><em>loco</em></strong></span> <span class='ocrx_word' id='word_1_289' title='bbox 631 3436 966 3495; x_wconf 89' lang='lat' dir='ltr'><strong><em>inseruisse</em></strong></span> <span class='ocrx_word' id='word_1_290' title='bbox 997 3435 1100 3495; x_wconf 88' lang='lat' dir='ltr'><strong><em>ubi</em></strong></span> <span class='ocrx_word' id='word_1_291' title='bbox 1130 3436 1460 3496; x_wconf 89' lang='lat' dir='ltr'><strong><em>Acontium</em></strong></span> <span class='ocrx_word' id='word_1_292' title='bbox 1492 3438 1637 3496; x_wconf 89' lang='lat' dir='ltr'><strong><em>fecit</em></strong></span> <span class='ocrx_word' id='word_1_293' title='bbox 1672 3437 2025 3518; x_wconf 83' lang='lat' dir='ltr'><strong><em>Cydippam</em></strong></span> <span class='ocrx_word' id='word_1_294' title='bbox 2054 3439 2473 3518; x_wconf 81' lang='lat' dir='ltr'><strong><em>conspicatum</em></strong></span> <span class='ocrx_word' id='word_1_295' title='bbox 2504 3432 2710 3519; x_wconf 84' lang='lat' dir='ltr'><strong><em>prope</em></strong></span> 
     </span>
     <span class='ocr_line' id='line_1_32' title="bbox 469 3537 2710 3618; baseline 0.003 -24"><span class='ocrx_word' id='word_1_296' title='bbox 469 3544 698 3595; x_wconf 86' lang='lat' dir='ltr'><strong><em>certum</em></strong></span> <span class='ocrx_word' id='word_1_297' title='bbox 743 3537 1131 3596; x_wconf 90' lang='lat' dir='ltr'><strong><em>crediderim.</em></strong></span> <span class='ocrx_word' id='word_1_298' title='bbox 1221 3557 1292 3596; x_wconf 87' lang='lat' dir='ltr'><strong><em>ac</em></strong></span> <span class='ocrx_word' id='word_1_299' title='bbox 1338 3539 1547 3598; x_wconf 85' lang='lat' dir='ltr'><strong><em>forsan</em></strong></span> <span class='ocrx_word' id='word_1_300' title='bbox 1596 3538 1675 3597; x_wconf 90' lang='lat' dir='ltr'><strong><em>de</em></strong></span> <span class='ocrx_word' id='word_1_301' title='bbox 1706 3539 1968 3598; x_wconf 86' lang='lat' dir='ltr'><strong><em>Acontio</em></strong></span> <span class='ocrx_word' id='word_1_302' title='bbox 2012 3540 2333 3618; x_wconf 85' lang='lat' dir='ltr'><strong><em>usurpavit</em></strong></span> <span class='ocrx_word' id='word_1_303' title='bbox 2378 3541 2710 3618; x_wconf 86' lang='lat' dir='ltr'><strong><em>epitheton</em></strong></span> 
     </span>
     <span class='ocr_line' id='line_1_33' title="bbox 469 3636 2709 3720; baseline 0.002 -24"><span class='ocrx_word' id='word_1_304' title='bbox 469 3636 635 3718; x_wconf 92' lang='lat' dir='ltr'><strong><em>quod</em></strong></span> <span class='ocrx_word' id='word_1_305' title='bbox 680 3637 867 3698; x_wconf 90' lang='lat' dir='ltr'><strong><em>habet</em></strong></span> <span class='ocrx_word' id='word_1_306' title='bbox 925 3639 1275 3717; x_wconf 87' lang='lat' dir='ltr'><strong><em>Hesychius</em></strong></span> <span class='ocrx_word' id='word_1_307' title='bbox 1339 3640 1416 3699; x_wconf 90' lang='lat' dir='ltr'><strong><em>ab</em></strong></span> <span class='ocrx_word' id='word_1_308' title='bbox 1464 3641 1671 3720; x_wconf 90' lang='lat' dir='ltr'><strong><em>aliquo</em></strong></span> <span class='ocrx_word' id='word_1_309' title='bbox 1716 3649 1903 3719; x_wconf 88' lang='lat' dir='ltr'><strong><em>poeta</em></strong></span> <span class='ocrx_word' id='word_1_310' title='bbox 1948 3642 2081 3700; x_wconf 88' lang='lat' dir='ltr'><strong><em>sine</em></strong></span> <span class='ocrx_word' id='word_1_311' title='bbox 2130 3639 2316 3700; x_wconf 91' lang='lat' dir='ltr'><strong><em>dubio</em></strong></span> <span class='ocrx_word' id='word_1_312' title='bbox 2362 3649 2709 3720; x_wconf 86' lang='lat' dir='ltr'><strong><em>sumptum:</em></strong></span> 
     </span>
     <span class='ocr_line' id='line_1_34' title="bbox 467 3729 2716 3824; baseline 0.003 -28"><span class='ocrx_word' id='word_1_313' title='bbox 467 3736 752 3818; x_wconf 84' lang='grc' dir='ltr'><strong><em>ἰδέρως·</em></strong></span> <span class='ocrx_word' id='word_1_314' title='bbox 801 3730 834 3797; x_wconf 86' lang='grc' dir='ltr'><strong><em>ὁ</em></strong></span> <span class='ocrx_word' id='word_1_315' title='bbox 879 3729 1003 3816; x_wconf 68' lang='grc' dir='ltr'><strong><em>ἅμα</em></strong></span> <span class='ocrx_word' id='word_1_316' title='bbox 1045 3739 1128 3822; x_wconf 78' lang='grc' dir='ltr'><strong><em>τῷ</em></strong></span> <span class='ocrx_word' id='word_1_317' title='bbox 1174 3737 1324 3798; x_wconf 83' lang='grc' dir='ltr'><em>ἰδεῖν</em></span> <span class='ocrx_word' id='word_1_318' title='bbox 1369 3736 1543 3818; x_wconf 79' lang='grc' dir='ltr'><em>ἐρῶν.</em></span> <span class='ocrx_word' id='word_1_319' title='bbox 1618 3742 1731 3802; x_wconf 85' lang='lat' dir='ltr'><strong><em>sed</em></strong></span> <span class='ocrx_word' id='word_1_320' title='bbox 1779 3742 1859 3801; x_wconf 87' lang='lat' dir='ltr'><strong><em>ad</em></strong></span> <span class='ocrx_word' id='word_1_321' title='bbox 1908 3740 2285 3801; x_wconf 87' lang='lat' dir='ltr'><strong><em>Ovidianum</em></strong></span> <span class='ocrx_word' id='word_1_322' title='bbox 2326 3743 2480 3824; x_wconf 87' lang='lat' dir='ltr'><strong><em>illud</em></strong></span> <span class='ocrx_word' id='word_1_323' title='bbox 2530 3742 2716 3803; x_wconf 90' lang='lat' dir='ltr'><strong><em>disti-</em></strong></span> 
     </span>
     <span class='ocr_line' id='line_1_35' title="bbox 467 3829 2714 3934; baseline 0.003 -35"><span class='ocrx_word' id='word_1_324' title='bbox 467 3841 625 3900; x_wconf 91' lang='lat' dir='ltr'><strong><em>chon</em></strong></span> <span class='ocrx_word' id='word_1_325' title='bbox 670 3851 738 3901; x_wconf 90' lang='lat' dir='ltr'><strong><em>ut</em></strong></span> <span class='ocrx_word' id='word_1_326' title='bbox 767 3841 1121 3915; x_wconf 86' lang='lat' dir='ltr'><strong><em>redeamus,</em></strong></span> <span class='ocrx_word' id='word_1_327' title='bbox 1169 3844 1516 3922; x_wconf 85' lang='lat' dir='ltr'><strong><em>perinsigni</em></strong></span> <span class='ocrx_word' id='word_1_328' title='bbox 1546 3844 1663 3902; x_wconf 91' lang='lat' dir='ltr'><strong><em>hoc</em></strong></span> <span class='ocrx_word' id='word_1_329' title='bbox 1690 3844 1921 3927; x_wconf 84' lang='lat' dir='ltr'><strong><em>lumine</em></strong></span> <span class='ocrx_word' id='word_1_330' title='bbox 1955 3843 2105 3923; x_wconf 90' lang='lat' dir='ltr'><strong><em>quin</em></strong></span> <span class='ocrx_word' id='word_1_331' title='bbox 2134 3844 2257 3902; x_wconf 91' lang='lat' dir='ltr'><strong><em>iam</em></strong></span> <span class='ocrx_word' id='word_1_332' title='bbox 2288 3829 2714 3934; x_wconf 75' lang='lat' dir='ltr'><strong><em>Callimachus</em></strong></span> 
     </span>
    </p>
   </div>
   <div class='ocr_carea' id='block_1_5' title="bbox 467 3993 867 4006">
    <p class='ocr_par' dir='ltr' id='par_1_5' title="bbox 467 3993 867 4006">
     <span class='ocr_line' id='line_1_36' title="bbox 467 3993 867 4006; baseline 0 986"><span class='ocrx_word' id='word_1_333' title='bbox 467 3993 867 4006; x_wconf 95' lang='lat' dir='ltr'><strong><em> </em></strong></span> 
     </span>
    </p>
   </div>
   <div class='ocr_carea' id='block_1_6' title="bbox 467 4087 2720 4331">
    <p class='ocr_par' dir='ltr' id='par_1_6' title="bbox 467 4087 2720 4331">
     <span class='ocr_line' id='line_1_37' title="bbox 603 4087 2715 4170; baseline 0.003 -27"><span class='ocrx_word' id='word_1_334' title='bbox 603 4092 642 4155; x_wconf 90' lang='lat'><strong><em>¹)</em></strong></span> <span class='ocrx_word' id='word_1_335' title='bbox 679 4095 862 4145; x_wconf 86' lang='lat' dir='ltr'><strong><em>Etiam</em></strong></span> <span class='ocrx_word' id='word_1_336' title='bbox 887 4095 1025 4147; x_wconf 90' lang='lat' dir='ltr'><strong><em>illud</em></strong></span> <span class='ocrx_word' id='word_1_337' title='bbox 1049 4095 1278 4147; x_wconf 89' lang='lat' dir='ltr'><strong><em>multum</em></strong></span> <span class='ocrx_word' id='word_1_338' title='bbox 1307 4102 1398 4170; x_wconf 62' lang='lat' dir='ltr'><strong><em>est.x</em></strong></span> <span class='ocrx_word' id='word_1_339' title='bbox 1415 4100 1674 4147; x_wconf 79' lang='lat' dir='ltr'><strong><em>vexatum</em></strong></span> <span class='ocrx_word' id='word_1_340' title='bbox 1701 4098 1843 4162; x_wconf 86' lang='lat' dir='ltr'><strong><em>quod</em></strong></span> <span class='ocrx_word' id='word_1_341' title='bbox 1880 4087 1997 4148; x_wconf 80' lang='grc' dir='ltr'><strong><em>α’πὸ</em></strong></span> <span class='ocrx_word' id='word_1_342' title='bbox 2023 4093 2131 4147; x_wconf 75' lang='grc' dir='ltr'><strong><em>τοῦ</em></strong></span> <span class='ocrx_word' id='word_1_343' title='bbox 2150 4090 2297 4160; x_wconf 70' lang='grc' dir='ltr'><em>ὁρᾶν</em></span> <span class='ocrx_word' id='word_1_344' title='bbox 2322 4089 2386 4146; x_wconf 83' lang='grc' dir='ltr'><strong><em>τὸ</em></strong></span> <span class='ocrx_word' id='word_1_345' title='bbox 2414 4088 2573 4161; x_wconf 76' lang='grc' dir='ltr'><em>ἐρᾶν.</em></span> <span class='ocrx_word' id='word_1_346' title='bbox 2630 4099 2715 4150; x_wconf 86' lang='lat' dir='ltr'><strong><em>cf.</em></strong></span> 
     </span>
     <span class='ocr_line' id='line_1_38' title="bbox 467 4177 2720 4250; baseline 0.004 -24"><span class='ocrx_word' id='word_1_347' title='bbox 467 4177 889 4250; x_wconf 84' lang='lat' dir='ltr'><strong><em>Boissonadium</em></strong></span> <span class='ocrx_word' id='word_1_348' title='bbox 934 4179 1005 4230; x_wconf 87' lang='lat' dir='ltr'><strong><em>ad</em></strong></span> <span class='ocrx_word' id='word_1_349' title='bbox 1039 4180 1366 4232; x_wconf 85' lang='lat' dir='ltr'><strong><em>Philostrati</em></strong></span> <span class='ocrx_word' id='word_1_350' title='bbox 1415 4180 1683 4246; x_wconf 88' lang='lat' dir='ltr'><strong><em>epistulas</em></strong></span> <span class='ocrx_word' id='word_1_351' title='bbox 1727 4198 1781 4246; x_wconf 90' lang='lat' dir='ltr'><strong><em>p.</em></strong></span> <span class='ocrx_word' id='word_1_352' title='bbox 1820 4183 1934 4233; x_wconf 83' lang='lat'><strong><em>191.</em></strong></span> <span class='ocrx_word' id='word_1_353' title='bbox 2008 4182 2225 4232; x_wconf 88' lang='lat' dir='ltr'><strong><em>omnino</em></strong></span> <span class='ocrx_word' id='word_1_354' title='bbox 2263 4181 2463 4232; x_wconf 87' lang='lat' dir='ltr'><strong><em>multus</em></strong></span> <span class='ocrx_word' id='word_1_355' title='bbox 2498 4181 2612 4233; x_wconf 89' lang='lat' dir='ltr'><strong><em>hoc</em></strong></span> <span class='ocrx_word' id='word_1_356' title='bbox 2652 4184 2720 4234; x_wconf 84' lang='lat' dir='ltr'><strong><em>in</em></strong></span> 
     </span>
     <span class='ocr_line' id='line_1_39' title="bbox 467 4260 2517 4331; baseline 0.004 -22"><span class='ocrx_word' id='word_1_357' title='bbox 467 4260 591 4312; x_wconf 84' lang='lat' dir='ltr'><strong><em>lusu</em></strong></span> <span class='ocrx_word' id='word_1_358' title='bbox 625 4278 738 4318; x_wconf 62' lang='lat' dir='ltr'><strong><em>nec„</em></strong></span> <span class='ocrx_word' id='word_1_359' title='bbox 767 4264 963 4313; x_wconf 84' lang='lat' dir='ltr'><strong><em>infelix</em></strong></span> <span class='ocrx_word' id='word_1_360' title='bbox 999 4269 1082 4315; x_wconf 87' lang='lat' dir='ltr'><strong><em>est</em></strong></span> <span class='ocrx_word' id='word_1_361' title='bbox 1117 4265 1505 4318; x_wconf 83' lang='lat' dir='ltr'><strong><em>Philostratus.</em></strong></span> <span class='ocrx_word' id='word_1_362' title='bbox 1577 4267 1649 4316; x_wconf 88' lang='lat' dir='ltr'><strong><em>cf.</em></strong></span> <span class='ocrx_word' id='word_1_363' title='bbox 1691 4266 1851 4331; x_wconf 85' lang='lat' dir='ltr'><strong><em>epist.</em></strong></span> <span class='ocrx_word' id='word_1_364' title='bbox 1890 4267 2089 4326; x_wconf 52' lang='lat'>10,‘11,</span> <span class='ocrx_word' id='word_1_365' title='bbox 2128 4267 2206 4330; x_wconf 82' lang='lat'><strong><em>12,</em></strong></span> <span class='ocrx_word' id='word_1_366' title='bbox 2246 4268 2308 4316; x_wconf 86' lang='lat'><strong><em>41</em></strong></span> <span class='ocrx_word' id='word_1_367' title='bbox 2346 4267 2517 4330; x_wconf 83' lang='lat' dir='ltr'><strong><em>Kays.</em></strong></span> 
     </span>
    </p>
   </div>
  </div>
 </body>
</html>
