2917 4992
1063 342 1485 406 -35....

175 509 473 591 σπήλαιον.
561 517 668 596 qui
715 515 1152 577 Callimachum
1193 517 1262 575 ni
1321 516 1507 576 fallor
1544 517 1817 596 respicit.
1883 539 2025 579 nam
2068 508 2395 598 praeterea

180 620 606 678 nominativum
650 610 888 693 φωλεόν
931 638 1059 677 non
1096 617 1218 676 nisi
1249 636 1286 675 a
1313 618 1631 678 Nicandro
1656 620 1773 698 frg.
1804 627 1877 684 83
1906 619 2090 682 Schn.
2126 631 2187 681 et
2214 621 2393 682 Anti-

180 729 340 798 patro
371 720 542 780 anth.
576 720 647 780 P.
679 721 778 782 IX
809 727 930 793 302,
957 727 992 780 4
1028 728 1092 779 et
1122 717 1370 799 quidem
1401 720 1479 779 de
1510 722 1890 801 serpentium
1924 722 2109 782 cubili
2140 724 2394 783 invenio

177 829 535 902 usurpatum.
624 821 894 901 ambigui
937 830 1142 882 autem
1195 821 1444 900 generis
1491 831 1587 882 est
1628 824 1764 882 Nic.
1809 823 1966 884 ther.
2012 833 2101 886 32.
2177 833 2397 885 contra

178 913 390 998 φωλεός
443 923 791 984 scholarum
843 922 1035 986 aedes
1095 923 1287 984 fuisse
1342 923 1703 1003 perhibetur
1756 944 1797 984 a
1848 925 2104 986 Polluce
2159 928 2253 989 IV
2309 934 2393 1002 19,

177 1027 265 1084 ΙΧ
304 1034 393 1100 41,
452 1026 518 1084 in
577 1035 763 1106 etym.
808 1047 887 1086 m.
933 1047 996 1108 p.
1047 1038 1166 1105 130,
1211 1036 1298 1102 47,
1358 1029 1424 1087 in
1482 1034 1668 1106 etym.
1718 1025 1881 1088 Gud.
1928 1047 1992 1109 p.
2037 1035 2124 1102 70,
2188 1041 2269 1103 11,
2329 1031 2396 1088 in

181 1135 349 1206 etym.
402 1124 647 1186 Orionis
692 1149 754 1208 p.
789 1140 872 1203 11,
911 1141 956 1205 l,
1004 1129 1106 1189 ubi
1153 1126 1376 1206 φωλεοί
1415 1128 1810 1188 scribendum
1855 1146 1991 1188 esse
2037 1149 2149 1208 pro
2196 1124 2397 1204 φωλεά

179 1236 502 1287 ceterorum
544 1246 853 1290 consensu
897 1229 1208 1310 probatur,
1249 1251 1286 1290 a
1331 1230 1526 1290 Suida
1570 1249 1617 1290 s·
1663 1251 1723 1290 v.
1770 1223 2021 1307 φωλεόν,
2068 1228 2174 1290 ubi
2220 1251 2393 1291 accu-

177 1329 396 1388 sativus
449 1329 860 1408 intellegitur,
921 1341 985 1390 et
1041 1352 1108 1392 s.·
1133 1351 1194 1392 v.
1249 1319 1608 1406 ἀποφώλιοι.
1698 1340 1884 1413 atque
1939 1333 2091 1392 alias
2150 1353 2395 1414 quoque

178 1429 375 1489 crebro
422 1423 646 1505 φωλεός
689 1432 755 1490 in
799 1433 1112 1493 veteribus
1155 1433 1372 1494 lexicis
1419 1441 1940 1496 commemoratur.

333 1565 623 1626 Ceterum
675 1567 892 1628 mirum
947 1567 1134 1643 foret,
1192 1570 1260 1628 ni
1313 1577 1501 1648 poeta
1553 1576 1620 1627 ut
1674 1569 1741 1628 in
1796 1588 1865 1630 re
1922 1571 2219 1630 amatoria
2270 1591 2397 1632 una

177 1685 296 1726 cum
350 1666 498 1726 ludo
555 1667 905 1749 balneoque
965 1679 1028 1730 et
1081 1672 1565 1750 gymnasium
1622 1679 2037 1733 memorasset.
2135 1673 2393 1733 Parthe-

176 1769 300 1827 nius
357 1787 522 1826 narr.
584 1789 698 1828 am.
744 1778 780 1842 7,
834 1770 913 1829 de
957 1770 1320 1831 Antileonte
1374 1771 1792 1851 Hipparinum
1846 1771 2265 1852 depereunte:
2330 1763 2395 1844 ὃς

174 1858 346 1926 πολλοὶ
389 1863 812 1946 μηχανώμενος
855 1861 1090 1983 οὐδαμῇ
1133 1861 1384 1942 δυνατὸς
1425 1853 1505 1948 ἦν
1546 1861 1959 1949 ἁρμόσασθαι,
2003 1869 2141 1950 περὶ
2184 1870 2249 1934 δὲ
2291 1897 2396 1953 γυ-

176 1968 383 2044 μνάσια
429 1967 794 2049 διατρίβοντι
837 1961 1025 2033 πολλὰ
1067 1972 1154 2056 τῷ
1195 1969 1368 2032 παιδὶ
1411 1971 1723 2052 προσρυεὶς
1753 1970 1871 2050 ἔφη
1900 1975 2179 2036 τοσοῦτον
2210 1967 2401 2037 αυτοῦ

175 2064 359 2130 πόθον
407 2069 564 2150 ἔχειν
611 2093 665 2132 e.
715 2094 776 2154 q.
819 2095 868 2135 s.
917 2073 1168 2136 Obarito
1213 2075 1248 2136 I
1294 2087 1344 2150 1,
1394 2084 1491 2138 10.
1560 2069 1771 2136 ἐπόθει
1818 2072 1883 2134 δὲ
1936 2065 2002 2134 τὸ
2062 2071 2396 2154 γυμνάσιον

175 2170 428 2251 Χαιρέαν
493 2170 596 2232 και
665 2166 862 2253 ὥσπερ
921 2163 1143 2254 ἔρημον
1195 2194 1304 2251 ην·
1371 2171 1557 2251 ἐφίλει
1622 2197 1737 2256 γαρ
1802 2167 1986 2236 αὐτὸν
2040 2169 2079 2253 ἡ
2140 2179 2395 2238 νεολαία.

173 2275 526 2336 Plutarchus
567 2277 844 2338 Demetr.
890 2286 988 2339 24:
1040 2271 1275 2348 ἐκεῖνος
1327 2297 1442 2354 γαρ
1500 2261 1578 2352 ἦν
1622 2273 1708 2336 ἔτι
1762 2281 1902 2349 παῖς
1956 2268 2197 2356 ανηβος.
2285 2301 2396 2340 ουκ

175 2375 340 2436 ἔλαθε
405 2373 472 2436 δὲ
533 2358 638 2436 τὸν
705 2369 1050 2456 Δημήτριον
1117 2374 1268 2453 ἔχων
1331 2377 1439 2454 τῆς
1494 2366 1819 2456 εὐμορφίας
1880 2369 1991 2458 τὴν
2058 2377 2398 2458 ἐπωνυμίαν

173 2471 524 2558 κατήγορον·
571 2474 831 2541 ἐκαλεῖτο
873 2470 986 2558 γὰρ
1022 2469 1402 2556 Δημοκλῆςὸ
1439 2474 1641 2553 καλός.
1687 2469 1763 2552 ὦς
1809 2477 1873 2540 δὲ
1914 2472 2103 2542 πολλοὶ
2144 2481 2394 2559 πειρών-

172 2595 278 2638 των
340 2576 446 2638 καὶ
503 2571 790 2639 διδόντων
844 2577 946 2638 καὶ
1003 2573 1358 2658 φοβούντων
1411 2571 1519 2638 ὑπ’
1580 2571 1821 2652 οὐδενὸς
1874 2572 2174 2660 ἡλίσκετο,
2239 2583 2399 2657 τέλος

173 2679 228 2741 δὲ
279 2673 524 2760 φεύγων
587 2672 692 2754 τὰς
756 2680 1118 2762 παλαίστρας
1169 2678 1272 2741 καὶ
1327 2674 1394 2741 τὸ
1446 2675 1779 2762 γυμνάσιον
1832 2681 1917 2754 εἴς
1972 2705 2029 2747 τι
2080 2685 2397 2762 βαλανεῖον

173 2773 468 2843 ἰδιωτικὸν
527 2779 734 2857 ἐφοίτα
779 2775 1131 2862 λουσόμενος
1157 2781 1238 2863 ¹),
1301 2777 1657 2861 ἐπιτηρήσας
1700 2773 1803 2842 τὸν
1848 2776 2057 2864 καιρὸν
2101 2777 2131 2844 ὁ
2179 2779 2398 2864 Δημή-

171 2906 320 2964 τριος
365 2881 722 2962 ἐπεισῆλθεν
763 2877 929 2969 αὐτῷ
970 2879 1158 2969 μόνῳ.
1231 2906 1303 2946 ac
1347 2887 1572 2946 similia
1614 2887 1797 2946 facile
1845 2887 2231 2950 Charitoneis
2276 2891 2398 2950 illis

172 2988 436 3048 habebat
481 2987 914 3049 Callimachus,
1017 3009 1198 3068 quem
1257 2989 1505 3068 quidem
1548 2989 1728 3069 plura
1772 2989 2166 3051 Aristaeneto
2216 2991 2398 3050 (locu-

173 3099 376 3153 menta
420 3088 706 3170 publicae
737 3089 1160 3150 admirationis
1187 3109 1559 3151 memorasse
1592 3092 1819 3151 evincit
1848 3091 1965 3170 frg.
2002 3103 2117 3167 10⁶2,
2144 3089 2397 3154 *Athem

174 3191 284 3252 XV
327 3200 440 3256 668
480 3191 552 3251 b:

330 3306 441 3388 aaz,
485 3307 858 3386 Καλλίμαχος
903 3305 968 3368 δέ
1007 3325 1156 3385 φησι

573 3407 780 3471 πολλοὶ
822 3407 926 3472 καὶ
967 3407 1271 3488 φιλέοντες
1304 3399 1613 3472 Ἀκόντιον
1654 3394 1813 3486 ἧκαν
1856 3408 2023 3488 ἔραζε

657 3503 964 3572 οἰνοπόται
1009 3501 1264 3584 Σικελὰς
1308 3507 1374 3571 ἐκ
1417 3511 1679 3574 κυλίκων
1722 3506 1993 3593 λάταγας.

179 3667 542 3748 eademque,
600 3667 722 3726 nisi
780 3666 946 3747 quod
1000 3653 1284 3724 ἆκόντιον
1338 3649 1490 3740 ἧκον
1534 3667 1701 3746 apud
1744 3667 2134 3726 Dindorfium
2176 3668 2401 3744 legitur

176 3770 366 3828 minus
423 3775 624 3842 recte,
682 3768 1011 3828 scholiasta
1064 3766 1252 3828 habet
1293 3767 1610 3848 Aristoph.
1658 3768 1738 3827 ad
1784 3789 1919 3848 pac.
1970 3775 2121 3830 1244.
2208 3767 2400 3826 verba

178 3880 371 3930 autem
417 3869 779 3929 Callimachi
824 3890 861 3928 a
888 3869 1178 3930 Bentleio
1227 3889 1362 3930 esse
1409 3869 1489 3928 ad
1524 3868 1856 3949 Cydippae
1901 3870 2161 3946 elegiam
2205 3870 2400 3927 relata

177 3973 420 4032 nomine
463 3971 697 4032 Aconti
738 3972 1052 4046 restitutO,
1109 3972 1231 4031 iam
1283 3992 1473 4052 supra
1514 3972 1741 4030 monui.
1832 3979 1973 4050 post
2018 3988 2199 4050 quem
2244 3971 2399 4029 infe-

302 4206 344 4272 1)
381 4207 542 4274 Apud
579 4203 978 4258 Callimachum
1015 4222 1228 4273 quoque
1265 4211 1581 4274 separatum
1615 4205 1877 4258 balneum
1914 4204 2057 4271 quod
2090 4221 2201 4257 non
2238 4205 2405 4256 fuerit

175 4289 226 4338 in
259 4292 552 4356 gymnasio
589 4291 1100 4343 videtur-indicari.
1173 4292 1247 4343 cf.
1285 4291 1519 4342 Theocr.
1558 4291 1741 4342 XXIII
1776 4293 1861 4344 57.

1910 4329 2003 4438 3312

2430 3443 2486 3482 lV
