<?xml version="1.0" encoding="UTF-8"?>
<!DOCTYPE html PUBLIC "-//W3C//DTD XHTML 1.0 Transitional//EN"
    "http://www.w3.org/TR/xhtml1/DTD/xhtml1-transitional.dtd">
<html xmlns="http://www.w3.org/1999/xhtml" xml:lang="en" lang="en">
 <head>
  <title>
</title>
<meta http-equiv="Content-Type" content="text/html;charset=utf-8" />
  <meta name='ocr-system' content='tesseract 3.04.00' />
  <meta name='ocr-capabilities' content='ocr_page ocr_carea ocr_par ocr_line ocrx_word'/>
</head>
<body>
  <div class='ocr_page' id='page_1' title='image "./decallimachicyd00ovidgoog_0075.png"; bbox 0 0 2917 4992; ppageno 0'>
   <div class='ocr_carea' id='block_1_1' title="bbox 53 697 58 1338">
    <p class='ocr_par' dir='ltr' id='par_1_1' title="bbox 53 697 58 1338">
     <span class='ocr_line' id='line_1_1' title="bbox 53 697 58 1338; baseline 0 0"><span class='ocrx_word' id='word_1_1' title='bbox 53 697 58 1338; x_wconf 95' lang='lat' dir='ltr'><strong> </strong></span> 
     </span>
    </p>
   </div>
   <div class='ocr_carea' id='block_1_2' title="bbox 1091 319 1512 386">
    <p class='ocr_par' dir='ltr' id='par_1_2' title="bbox 1091 319 1512 386">
     <span class='ocr_line' id='line_1_2' title="bbox 1091 319 1512 386; baseline 0.002 -19"><span class='ocrx_word' id='word_1_2' title='bbox 1091 319 1512 386; x_wconf 52' lang='lat'><strong>*59-</strong></span> 
     </span>
    </p>
   </div>
   <div class='ocr_carea' id='block_1_3' title="bbox 199 497 2423 1695">
    <p class='ocr_par' dir='ltr' id='par_1_3' title="bbox 199 497 2421 1180">
     <span class='ocr_line' id='line_1_3' title="bbox 207 497 2417 569; baseline 0.001 -17"><span class='ocrx_word' id='word_1_3' title='bbox 207 498 318 552; x_wconf 78' lang='lat' dir='ltr'><strong>dem</strong></span> <span class='ocrx_word' id='word_1_4' title='bbox 357 512 438 552; x_wconf 77' lang='lat' dir='ltr'><strong>ex</strong></span> <span class='ocrx_word' id='word_1_5' title='bbox 479 498 702 568; x_wconf 72' lang='lat' dir='ltr'><strong>inqenio</strong></span> <span class='ocrx_word' id='word_1_6' title='bbox 745 499 1184 569; x_wconf 66' lang='lat' dir='ltr'><strong>erycenzenden</strong></span> <span class='ocrx_word' id='word_1_7' title='bbox 1213 497 1667 562; x_wconf 78' lang='lat' dir='ltr'><strong>Kommentaeor,</strong></span> <span class='ocrx_word' id='word_1_8' title='bbox 1710 498 1963 554; x_wconf 81' lang='lat' dir='ltr'><strong>sondern</strong></span> <span class='ocrx_word' id='word_1_9' title='bbox 2006 501 2171 555; x_wconf 73' lang='lat' dir='ltr'><strong>einen</strong></span> <span class='ocrx_word' id='word_1_10' title='bbox 2212 499 2417 556; x_wconf 82' lang='lat' dir='ltr'><strong>Veber-</strong></span> 
     </span>
     <span class='ocr_line' id='line_1_4' title="bbox 201 597 2419 673; baseline 0.001 -19"><span class='ocrx_word' id='word_1_11' title='bbox 201 597 471 670; x_wconf 74' lang='lat' dir='ltr'><strong>lieferunq</strong></span> <span class='ocrx_word' id='word_1_12' title='bbox 501 598 957 670; x_wconf 73' lang='lat' dir='ltr'><strong>anzuyehoeren.</strong></span> <span class='ocrx_word' id='word_1_13' title='bbox 1049 599 1346 656; x_wconf 77' lang='lat' dir='ltr'><strong>Nekmlich</strong></span> <span class='ocrx_word' id='word_1_14' title='bbox 1376 601 1531 656; x_wconf 74' lang='lat' dir='ltr'><strong>disse</strong></span> <span class='ocrx_word' id='word_1_15' title='bbox 1576 601 1635 654; x_wconf 76' lang='lat' dir='ltr'><strong>in</strong></span> <span class='ocrx_word' id='word_1_16' title='bbox 1664 601 1770 655; x_wconf 81' lang='lat' dir='ltr'><strong>der</strong></span> <span class='ocrx_word' id='word_1_17' title='bbox 1800 598 2005 656; x_wconf 68' lang='lat' dir='ltr'><strong>lentim</strong></span> <span class='ocrx_word' id='word_1_18' title='bbox 2036 600 2275 673; x_wconf 80' lang='lat' dir='ltr'><strong>Haelfte</strong></span> <span class='ocrx_word' id='word_1_19' title='bbox 2318 603 2419 658; x_wconf 79' lang='lat' dir='ltr'><strong>des</strong></span> 
     </span>
     <span class='ocr_line' id='line_1_5' title="bbox 205 699 2417 773; baseline 0.001 -18"><span class='ocrx_word' id='word_1_20' title='bbox 205 705 283 756; x_wconf 81' lang='lat'><strong>15.</strong></span> <span class='ocrx_word' id='word_1_21' title='bbox 312 699 520 755; x_wconf 66' lang='lat' dir='ltr'><strong>Jahrb.</strong></span> <span class='ocrx_word' id='word_1_22' title='bbox 554 699 826 756; x_wconf 80' lang='lat' dir='ltr'><strong>lebenden</strong></span> <span class='ocrx_word' id='word_1_23' title='bbox 859 699 1166 758; x_wconf 77' lang='lat' dir='ltr'><strong>Gelehrten</strong></span> <span class='ocrx_word' id='word_1_24' title='bbox 1196 700 1535 773; x_wconf 78' lang='lat' dir='ltr'><strong>schoepften</strong></span> <span class='ocrx_word' id='word_1_25' title='bbox 1567 701 1663 756; x_wconf 73' lang='lat' dir='ltr'><strong>ihr</strong></span> <span class='ocrx_word' id='word_1_26' title='bbox 1706 702 1781 757; x_wconf 90' lang='lat' dir='ltr'><em>W</em></span> <span class='ocrx_word' id='word_1_27' title='bbox 1779 703 1948 766; x_wconf 70' lang='lat' dir='ltr'><strong>iss-en,</strong></span> <span class='ocrx_word' id='word_1_28' title='bbox 1980 717 2043 758; x_wconf 84' lang='lat' dir='ltr'><strong>so</strong></span> <span class='ocrx_word' id='word_1_29' title='bbox 2074 703 2417 766; x_wconf 81' lang='lat' dir='ltr'><strong>unvolllcom·</strong></span> 
     </span>
     <span class='ocr_line' id='line_1_6' title="bbox 201 801 2418 875; baseline 0.002 -19"><span class='ocrx_word' id='word_1_30' title='bbox 201 817 313 856; x_wconf 81' lang='lat' dir='ltr'><strong>men</strong></span> <span class='ocrx_word' id='word_1_31' title='bbox 341 817 404 857; x_wconf 78' lang='lat' dir='ltr'><strong>es</strong></span> <span class='ocrx_word' id='word_1_32' title='bbox 430 803 551 857; x_wconf 75' lang='lat' dir='ltr'><strong>sein</strong></span> <span class='ocrx_word' id='word_1_33' title='bbox 583 818 730 873; x_wconf 73' lang='lat' dir='ltr'><strong>may,</strong></span> <span class='ocrx_word' id='word_1_34' title='bbox 757 818 864 858; x_wconf 78' lang='lat' dir='ltr'><strong>aus</strong></span> <span class='ocrx_word' id='word_1_35' title='bbox 885 801 1351 875; x_wconf 78' lang='lat' dir='ltr'><strong>Handschriften</strong></span> <span class='ocrx_word' id='word_1_36' title='bbox 1374 804 1463 858; x_wconf 76' lang='lat' dir='ltr'><strong>die</strong></span> <span class='ocrx_word' id='word_1_37' title='bbox 1480 804 1637 875; x_wconf 83' lang='lat' dir='ltr'><strong>jetzt</strong></span> <span class='ocrx_word' id='word_1_38' title='bbox 1664 805 1923 860; x_wconf 82' lang='lat' dir='ltr'><strong>verloren</strong></span> <span class='ocrx_word' id='word_1_39' title='bbox 1952 805 2085 858; x_wconf 78' lang='lat' dir='ltr'><strong>sind</strong></span> <span class='ocrx_word' id='word_1_40' title='bbox 2106 806 2245 860; x_wconf 82' lang='lat' dir='ltr'><strong>oder</strong></span> <span class='ocrx_word' id='word_1_41' title='bbox 2268 805 2418 860; x_wconf 76' lang='lat' dir='ltr'><strong>auch</strong></span> 
     </span>
     <span class='ocr_line' id='line_1_7' title="bbox 201 903 2419 977; baseline 0.004 -19"><span class='ocrx_word' id='word_1_42' title='bbox 201 903 524 959; x_wconf 76' lang='lat' dir='ltr'><strong>unbeachtet</strong></span> <span class='ocrx_word' id='word_1_43' title='bbox 552 904 752 977; x_wconf 74' lang='lat' dir='ltr'><strong>lieqen,</strong></span> <span class='ocrx_word' id='word_1_44' title='bbox 786 919 894 960; x_wconf 76' lang='lat' dir='ltr'><strong>aus</strong></span> <span class='ocrx_word' id='word_1_45' title='bbox 923 906 1076 961; x_wconf 84' lang='lat' dir='ltr'><strong>alten</strong></span> <span class='ocrx_word' id='word_1_46' title='bbox 1107 906 1319 961; x_wconf 77' lang='lat' dir='ltr'><strong>wieder</strong></span> <span class='ocrx_word' id='word_1_47' title='bbox 1349 919 1459 960; x_wconf 81' lang='lat' dir='ltr'><strong>aus</strong></span> <span class='ocrx_word' id='word_1_48' title='bbox 1489 906 1741 961; x_wconf 78' lang='lat' dir='ltr'><strong>aeleeren</strong></span> <span class='ocrx_word' id='word_1_49' title='bbox 1770 919 2091 977; x_wconf 73' lang='lat' dir='ltr'><strong>yezoyenen</strong></span> <span class='ocrx_word' id='word_1_50' title='bbox 2124 905 2419 967; x_wconf 76' lang='lat' dir='ltr'><strong>Scholien:</strong></span> 
     </span>
     <span class='ocr_line' id='line_1_8' title="bbox 199 1004 2421 1079; baseline 0.002 -19"><span class='ocrx_word' id='word_1_51' title='bbox 199 1007 309 1060; x_wconf 84' lang='lat' dir='ltr'><strong>und</strong></span> <span class='ocrx_word' id='word_1_52' title='bbox 345 1021 408 1060; x_wconf 82' lang='lat' dir='ltr'><strong>so</strong></span> <span class='ocrx_word' id='word_1_53' title='bbox 452 1006 760 1061; x_wconf 68' lang='lat' dir='ltr'><strong>ver-dienen</strong></span> <span class='ocrx_word' id='word_1_54' title='bbox 813 1007 894 1061; x_wconf 80' lang='lat' dir='ltr'><strong>sie</strong></span> <span class='ocrx_word' id='word_1_55' title='bbox 947 1007 1038 1062; x_wconf 78' lang='lat' dir='ltr'><strong>die</strong></span> <span class='ocrx_word' id='word_1_56' title='bbox 1083 1004 1621 1079; x_wconf 74' lang='lat' dir='ltr'><strong>Aufmerlcsamlceit</strong></span> <span class='ocrx_word' id='word_1_57' title='bbox 1674 1007 1776 1061; x_wconf 80' lang='lat' dir='ltr'><strong>des</strong></span> <span class='ocrx_word' id='word_1_58' title='bbox 1818 1006 2084 1062; x_wconf 78' lang='lat' dir='ltr'><strong>Kritilcer</strong></span> <span class='ocrx_word' id='word_1_59' title='bbox 2126 1008 2289 1063; x_wconf 76' lang='lat' dir='ltr'><strong>mehr</strong></span> <span class='ocrx_word' id='word_1_60' title='bbox 2334 1009 2421 1064; x_wconf 82' lang='lat' dir='ltr'><strong>als</strong></span> 
     </span>
     <span class='ocr_line' id='line_1_9' title="bbox 203 1107 1292 1180; baseline 0 -19"><span class='ocrx_word' id='word_1_61' title='bbox 203 1107 360 1162; x_wconf 78' lang='lat' dir='ltr'><strong>ihnen</strong></span> <span class='ocrx_word' id='word_1_62' title='bbox 403 1107 594 1162; x_wconf 73' lang='lat' dir='ltr'><strong>bisher</strong></span> <span class='ocrx_word' id='word_1_63' title='bbox 637 1125 712 1163; x_wconf 83' lang='lat' dir='ltr'><strong>zu</strong></span> <span class='ocrx_word' id='word_1_64' title='bbox 763 1107 930 1164; x_wconf 75' lang='lat' dir='ltr'><strong>Theil</strong></span> <span class='ocrx_word' id='word_1_65' title='bbox 967 1109 1292 1180; x_wconf 72' lang='lat' dir='ltr'><strong>yeworden.</strong></span> 
     </span>
    </p>

    <p class='ocr_par' dir='ltr' id='par_1_4' title="bbox 199 1207 2423 1695">
     <span class='ocr_line' id='line_1_10' title="bbox 354 1207 2419 1286; baseline 0.001 -22"><span class='ocrx_word' id='word_1_66' title='bbox 354 1207 626 1265; x_wconf 89' lang='lat' dir='ltr'><strong>Primum</strong></span> <span class='ocrx_word' id='word_1_67' title='bbox 669 1208 1083 1268; x_wconf 87' lang='lat' dir='ltr'><strong>Buttmannus</strong></span> <span class='ocrx_word' id='word_1_68' title='bbox 1139 1227 1267 1266; x_wconf 90' lang='lat' dir='ltr'><strong>non</strong></span> <span class='ocrx_word' id='word_1_69' title='bbox 1328 1208 1448 1267; x_wconf 90' lang='lat' dir='ltr'><strong>nisi</strong></span> <span class='ocrx_word' id='word_1_70' title='bbox 1511 1207 1590 1267; x_wconf 90' lang='lat' dir='ltr'><strong>de</strong></span> <span class='ocrx_word' id='word_1_71' title='bbox 1648 1208 2125 1286; x_wconf 79' lang='lat' dir='ltr'><strong>argumentis</strong></span> <span class='ocrx_word' id='word_1_72' title='bbox 2181 1208 2419 1268; x_wconf 79' lang='lat' dir='ltr'>Antoni</span> 
     </span>
     <span class='ocr_line' id='line_1_11' title="bbox 206 1306 2421 1387; baseline 0 -19"><span class='ocrx_word' id='word_1_73' title='bbox 206 1308 403 1368; x_wconf 83' lang='lat' dir='ltr'><strong>Volsci</strong></span> <span class='ocrx_word' id='word_1_74' title='bbox 435 1309 864 1387; x_wconf 85' lang='lat' dir='ltr'><strong>quaestionem</strong></span> <span class='ocrx_word' id='word_1_75' title='bbox 895 1306 1164 1368; x_wconf 84' lang='lat' dir='ltr'><strong>debebat</strong></span> <span class='ocrx_word' id='word_1_76' title='bbox 1195 1309 1483 1368; x_wconf 84' lang='lat' dir='ltr'><strong>excitare.</strong></span> <span class='ocrx_word' id='word_1_77' title='bbox 1530 1328 1673 1368; x_wconf 87' lang='lat' dir='ltr'><strong>nam</strong></span> <span class='ocrx_word' id='word_1_78' title='bbox 1702 1309 2151 1369; x_wconf 87' lang='lat' dir='ltr'><strong>commentariis</strong></span> <span class='ocrx_word' id='word_1_79' title='bbox 2182 1309 2421 1369; x_wconf 81' lang='lat' dir='ltr'><strong>Antoni</strong></span> 
     </span>
     <span class='ocr_line' id='line_1_12' title="bbox 206 1409 2418 1490; baseline 0 -21"><span class='ocrx_word' id='word_1_80' title='bbox 206 1419 260 1469; x_wconf 88' lang='lat' dir='ltr'><strong>et</strong></span> <span class='ocrx_word' id='word_1_81' title='bbox 287 1409 570 1469; x_wconf 84' lang='lat' dir='ltr'><strong>Vbertini</strong></span> <span class='ocrx_word' id='word_1_82' title='bbox 613 1409 920 1489; x_wconf 88' lang='lat' dir='ltr'><strong>huiusque</strong></span> <span class='ocrx_word' id='word_1_83' title='bbox 967 1410 1152 1469; x_wconf 86' lang='lat' dir='ltr'><strong>etiam</strong></span> <span class='ocrx_word' id='word_1_84' title='bbox 1181 1411 1521 1469; x_wconf 85' lang='lat' dir='ltr'><strong>summariis</strong></span> <span class='ocrx_word' id='word_1_85' title='bbox 1566 1410 1723 1470; x_wconf 84' lang='lat' dir='ltr'>nihil</span> <span class='ocrx_word' id='word_1_86' title='bbox 1766 1411 1969 1470; x_wconf 88' lang='lat' dir='ltr'><strong>bonae</strong></span> <span class='ocrx_word' id='word_1_87' title='bbox 2013 1411 2205 1490; x_wconf 85' lang='lat' dir='ltr'><strong>frugis</strong></span> <span class='ocrx_word' id='word_1_88' title='bbox 2234 1413 2418 1470; x_wconf 88' lang='lat' dir='ltr'><strong>inest.</strong></span> 
     </span>
     <span class='ocr_line' id='line_1_13' title="bbox 202 1511 2419 1592; baseline 0.001 -22"><span class='ocrx_word' id='word_1_89' title='bbox 202 1521 257 1570; x_wconf 84' lang='lat' dir='ltr'><strong>at</strong></span> <span class='ocrx_word' id='word_1_90' title='bbox 297 1512 672 1589; x_wconf 83' lang='lat' dir='ltr'><strong>argumentis</strong></span> <span class='ocrx_word' id='word_1_91' title='bbox 710 1531 864 1571; x_wconf 85' lang='lat' dir='ltr'><strong>sane</strong></span> <span class='ocrx_word' id='word_1_92' title='bbox 906 1511 1032 1570; x_wconf 87' lang='lat' dir='ltr'><strong>illis</strong></span> <span class='ocrx_word' id='word_1_93' title='bbox 1066 1511 1371 1591; x_wconf 80' lang='lat' dir='ltr'><strong>quaedam</strong></span> <span class='ocrx_word' id='word_1_94' title='bbox 1412 1513 1768 1572; x_wconf 88' lang='lat' dir='ltr'><strong>testimonia</strong></span> <span class='ocrx_word' id='word_1_95' title='bbox 1798 1514 2211 1587; x_wconf 89' lang='lat' dir='ltr'><strong>continentur,</strong></span> <span class='ocrx_word' id='word_1_96' title='bbox 2262 1533 2419 1592; x_wconf 87' lang='lat' dir='ltr'><strong>quae</strong></span> 
     </span>
     <span class='ocr_line' id='line_1_14' title="bbox 199 1609 2423 1695; baseline 0 -23"><span class='ocrx_word' id='word_1_97' title='bbox 199 1632 390 1694; x_wconf 87' lang='lat' dir='ltr'><strong>neque</strong></span> <span class='ocrx_word' id='word_1_98' title='bbox 435 1613 588 1673; x_wconf 86' lang='lat' dir='ltr'><strong>alias</strong></span> <span class='ocrx_word' id='word_1_99' title='bbox 623 1614 911 1691; x_wconf 85' lang='lat' dir='ltr'><strong>legantur</strong></span> <span class='ocrx_word' id='word_1_100' title='bbox 941 1623 1003 1673; x_wconf 89' lang='lat' dir='ltr'><strong>et</strong></span> <span class='ocrx_word' id='word_1_101' title='bbox 1030 1613 1216 1674; x_wconf 90' lang='lat' dir='ltr'><strong>fidem</strong></span> <span class='ocrx_word' id='word_1_102' title='bbox 1251 1615 1471 1674; x_wconf 86' lang='lat' dir='ltr'><strong>mereri</strong></span> <span class='ocrx_word' id='word_1_103' title='bbox 1500 1609 1919 1690; x_wconf 84' lang='lat' dir='ltr'><strong>videantur¹).</strong></span> <span class='ocrx_word' id='word_1_104' title='bbox 1980 1633 2193 1674; x_wconf 88' lang='lat' dir='ltr'><strong>verum</strong></span> <span class='ocrx_word' id='word_1_105' title='bbox 2236 1635 2423 1695; x_wconf 84' lang='lat' dir='ltr'><strong>supra</strong></span> 
     </span>
    </p>
   </div>
   <div class='ocr_carea' id='block_1_4' title="bbox 203 1749 590 1758">
    <p class='ocr_par' dir='ltr' id='par_1_5' title="bbox 203 1749 590 1758">
     <span class='ocr_line' id='line_1_15' title="bbox 203 1749 590 1758; baseline 0 0"><span class='ocrx_word' id='word_1_106' title='bbox 203 1749 590 1758; x_wconf 95' lang='lat' dir='ltr'><strong> </strong></span> 
     </span>
    </p>
   </div>
   <div class='ocr_carea' id='block_1_5' title="bbox 193 1815 2427 4341">
    <p class='ocr_par' dir='ltr' id='par_1_6' title="bbox 193 1815 2427 4341">
     <span class='ocr_line' id='line_1_16' title="bbox 323 1815 2419 1881; baseline 0 -16"><span class='ocrx_word' id='word_1_107' title='bbox 323 1815 362 1880; x_wconf 90' lang='lat'><strong>¹)</strong></span> <span class='ocrx_word' id='word_1_108' title='bbox 409 1817 547 1866; x_wconf 75' lang='lat' dir='ltr'><strong>TrIa</strong></span> <span class='ocrx_word' id='word_1_109' title='bbox 593 1829 741 1866; x_wconf 91' lang='lat' dir='ltr'><strong>nunc</strong></span> <span class='ocrx_word' id='word_1_110' title='bbox 789 1815 972 1866; x_wconf 86' lang='lat' dir='ltr'><strong>obiter</strong></span> <span class='ocrx_word' id='word_1_111' title='bbox 1008 1815 1212 1867; x_wconf 89' lang='lat' dir='ltr'><strong>delibo.</strong></span> <span class='ocrx_word' id='word_1_112' title='bbox 1284 1830 1412 1866; x_wconf 87' lang='lat' dir='ltr'><strong>nam</strong></span> <span class='ocrx_word' id='word_1_113' title='bbox 1462 1817 1521 1866; x_wconf 89' lang='lat' dir='ltr'><strong>in</strong></span> <span class='ocrx_word' id='word_1_114' title='bbox 1558 1816 1878 1881; x_wconf 84' lang='lat' dir='ltr'><strong>praesentia</strong></span> <span class='ocrx_word' id='word_1_115' title='bbox 1915 1830 2021 1881; x_wconf 89' lang='lat' dir='ltr'><strong>quo</strong></span> <span class='ocrx_word' id='word_1_116' title='bbox 2059 1817 2237 1866; x_wconf 89' lang='lat' dir='ltr'><strong>minus</strong></span> <span class='ocrx_word' id='word_1_117' title='bbox 2272 1815 2419 1866; x_wconf 91' lang='lat' dir='ltr'><strong>hanc</strong></span> 
     </span>
     <span class='ocr_line' id='line_1_17' title="bbox 198 1899 2421 1966; baseline 0.001 -17"><span class='ocrx_word' id='word_1_118' title='bbox 198 1917 300 1950; x_wconf 88' lang='lat' dir='ltr'><strong>rem</strong></span> <span class='ocrx_word' id='word_1_119' title='bbox 337 1901 654 1951; x_wconf 79' lang='lat' dir='ltr'><strong>accuratius</strong></span> <span class='ocrx_word' id='word_1_120' title='bbox 689 1905 1024 1966; x_wconf 77' lang='lat' dir='ltr'><strong>pertractem</strong></span> <span class='ocrx_word' id='word_1_121' title='bbox 1060 1906 1283 1964; x_wconf 82' lang='lat' dir='ltr'><strong>praeter</strong></span> <span class='ocrx_word' id='word_1_122' title='bbox 1317 1899 1585 1951; x_wconf 89' lang='lat' dir='ltr'><strong>librorum</strong></span> <span class='ocrx_word' id='word_1_123' title='bbox 1622 1905 1947 1966; x_wconf 87' lang='lat' dir='ltr'><strong>apparatum</strong></span> <span class='ocrx_word' id='word_1_124' title='bbox 1985 1905 2041 1950; x_wconf 90' lang='lat' dir='ltr'><strong>et</strong></span> <span class='ocrx_word' id='word_1_125' title='bbox 2065 1901 2233 1951; x_wconf 87' lang='lat' dir='ltr'><strong>otium</strong></span> <span class='ocrx_word' id='word_1_126' title='bbox 2262 1901 2421 1952; x_wconf 88' lang='lat' dir='ltr'><strong>deest</strong></span> 
     </span>
     <span class='ocr_line' id='line_1_18' title="bbox 201 1985 2420 2051; baseline 0.001 -16"><span class='ocrx_word' id='word_1_127' title='bbox 201 1990 248 2035; x_wconf 87' lang='lat' dir='ltr'><strong>et</strong></span> <span class='ocrx_word' id='word_1_128' title='bbox 295 1986 572 2037; x_wconf 86' lang='lat' dir='ltr'><strong>voluntas.</strong></span> <span class='ocrx_word' id='word_1_129' title='bbox 643 1986 705 2034; x_wconf 87' lang='lat' dir='ltr'><strong>in</strong></span> <span class='ocrx_word' id='word_1_130' title='bbox 748 1985 952 2036; x_wconf 85' lang='lat' dir='ltr'><strong>Antoni</strong></span> <span class='ocrx_word' id='word_1_131' title='bbox 998 2001 1208 2051; x_wconf 87' lang='lat' dir='ltr'><strong>argum.</strong></span> <span class='ocrx_word' id='word_1_132' title='bbox 1259 2001 1345 2051; x_wconf 84' lang='lat' dir='ltr'><strong>ep.</strong></span> <span class='ocrx_word' id='word_1_133' title='bbox 1392 1987 1527 2036; x_wconf 89' lang='lat' dir='ltr'>XIII</span> <span class='ocrx_word' id='word_1_134' title='bbox 1581 1986 1816 2051; x_wconf 86' lang='lat' dir='ltr'><strong>legitur:</strong></span> <span class='ocrx_word' id='word_1_135' title='bbox 1892 1987 2137 2038; x_wconf 80' lang='lat' dir='ltr'><strong>Pacuvius</strong></span> <span class='ocrx_word' id='word_1_136' title='bbox 2194 1996 2245 2038; x_wconf 82' lang='lat' dir='ltr'><strong>et</strong></span> <span class='ocrx_word' id='word_1_137' title='bbox 2299 1988 2420 2037; x_wconf 79' lang='lat' dir='ltr'><strong>Titi-</strong></span> 
     </span>
     <span class='ocr_line' id='line_1_19' title="bbox 200 2071 2421 2137; baseline 0.002 -19"><span class='ocrx_word' id='word_1_138' title='bbox 200 2073 298 2120; x_wconf 78' lang='lat' dir='ltr'><strong>nius</strong></span> <span class='ocrx_word' id='word_1_139' title='bbox 328 2071 698 2135; x_wconf 74' lang='lat' dir='ltr'><strong>prothesilaum</strong></span> <span class='ocrx_word' id='word_1_140' title='bbox 732 2072 1049 2135; x_wconf 74' lang='lat' dir='ltr'><strong>trayoediam</strong></span> <span class='ocrx_word' id='word_1_141' title='bbox 1084 2072 1388 2120; x_wconf 79' lang='lat' dir='ltr'><strong>ediderunt:</strong></span> <span class='ocrx_word' id='word_1_142' title='bbox 1433 2087 1506 2120; x_wconf 78' lang='lat' dir='ltr'><strong>ex</strong></span> <span class='ocrx_word' id='word_1_143' title='bbox 1542 2087 1643 2137; x_wconf 82' lang='lat' dir='ltr'><strong>qua</strong></span> <span class='ocrx_word' id='word_1_144' title='bbox 1674 2073 1873 2120; x_wconf 80' lang='lat' dir='ltr'><strong>multum</strong></span> <span class='ocrx_word' id='word_1_145' title='bbox 1907 2073 1959 2120; x_wconf 80' lang='lat' dir='ltr'><strong>in</strong></span> <span class='ocrx_word' id='word_1_146' title='bbox 1990 2073 2121 2121; x_wconf 71' lang='lat' dir='ltr'><strong>hanc</strong></span> <span class='ocrx_word' id='word_1_147' title='bbox 2156 2075 2421 2136; x_wconf 78' lang='lat' dir='ltr'><strong>epistolam</strong></span> 
     </span>
     <span class='ocr_line' id='line_1_20' title="bbox 201 2154 2417 2220; baseline 0.001 -16"><span class='ocrx_word' id='word_1_148' title='bbox 201 2154 390 2205; x_wconf 74' lang='lat' dir='ltr'><strong>Ovidius</strong></span> <span class='ocrx_word' id='word_1_149' title='bbox 433 2156 712 2205; x_wconf 77' lang='lat' dir='ltr'><strong>transtulit.</strong></span> <span class='ocrx_word' id='word_1_150' title='bbox 794 2155 1043 2206; x_wconf 89' lang='lat' dir='ltr'><strong>novimus</strong></span> <span class='ocrx_word' id='word_1_151' title='bbox 1089 2155 1368 2220; x_wconf 81' lang='lat' dir='ltr'><strong>Euripidis</strong></span> <span class='ocrx_word' id='word_1_152' title='bbox 1413 2154 1781 2206; x_wconf 75' lang='lat' dir='ltr'><strong>Protesilaum</strong></span> <span class='ocrx_word' id='word_1_153' title='bbox 1838 2157 2214 2220; x_wconf 86' lang='lat' dir='ltr'><strong>tragoediam,</strong></span> <span class='ocrx_word' id='word_1_154' title='bbox 2274 2157 2417 2206; x_wconf 84' lang='lat' dir='ltr'><strong>Ana·</strong></span> 
     </span>
     <span class='ocr_line' id='line_1_21' title="bbox 199 2239 2423 2306; baseline 0.002 -18"><span class='ocrx_word' id='word_1_155' title='bbox 199 2240 464 2291; x_wconf 85' lang='lat' dir='ltr'><strong>xandridis</strong></span> <span class='ocrx_word' id='word_1_156' title='bbox 501 2240 882 2306; x_wconf 80' lang='lat' dir='ltr'><strong>cognominem</strong></span> <span class='ocrx_word' id='word_1_157' title='bbox 929 2239 1295 2304; x_wconf 81' lang='lat' dir='ltr'><strong>comoediam,</strong></span> <span class='ocrx_word' id='word_1_158' title='bbox 1355 2256 1422 2290; x_wconf 92' lang='lat' dir='ltr'><strong>ac</strong></span> <span class='ocrx_word' id='word_1_159' title='bbox 1457 2241 1648 2290; x_wconf 88' lang='lat' dir='ltr'><strong>nescio</strong></span> <span class='ocrx_word' id='word_1_160' title='bbox 1685 2240 1840 2290; x_wconf 90' lang='lat' dir='ltr'><strong>cuius</strong></span> <span class='ocrx_word' id='word_1_161' title='bbox 1870 2241 2067 2291; x_wconf 91' lang='lat' dir='ltr'><strong>comici</strong></span> <span class='ocrx_word' id='word_1_162' title='bbox 2090 2241 2423 2292; x_wconf 86' lang='lat' dir='ltr'><strong>Protesilao-</strong></span> 
     </span>
     <span class='ocr_line' id='line_1_22' title="bbox 203 2323 2419 2390; baseline 0 -16"><span class='ocrx_word' id='word_1_163' title='bbox 203 2324 374 2375; x_wconf 85' lang='lat' dir='ltr'><strong>damia</strong></span> <span class='ocrx_word' id='word_1_164' title='bbox 407 2325 468 2374; x_wconf 90' lang='lat' dir='ltr'><strong>in</strong></span> <span class='ocrx_word' id='word_1_165' title='bbox 501 2323 716 2389; x_wconf 85' lang='lat' dir='ltr'><strong>Vergili</strong></span> <span class='ocrx_word' id='word_1_166' title='bbox 752 2324 978 2375; x_wconf 80' lang='lat' dir='ltr'><strong>scholiis</strong></span> <span class='ocrx_word' id='word_1_167' title='bbox 1003 2324 1415 2375; x_wconf 85' lang='lat' dir='ltr'><strong>Veronensibus</strong></span> <span class='ocrx_word' id='word_1_168' title='bbox 1450 2330 1577 2390; x_wconf 88' lang='lat' dir='ltr'><strong>post</strong></span> <span class='ocrx_word' id='word_1_169' title='bbox 1610 2325 1817 2375; x_wconf 89' lang='lat' dir='ltr'><strong>Maium</strong></span> <span class='ocrx_word' id='word_1_170' title='bbox 1855 2341 1889 2376; x_wconf 85' lang='lat' dir='ltr'><strong>a</strong></span> <span class='ocrx_word' id='word_1_171' title='bbox 1924 2323 2107 2376; x_wconf 87' lang='lat' dir='ltr'><strong>Keilio</strong></span> <span class='ocrx_word' id='word_1_172' title='bbox 2145 2324 2309 2376; x_wconf 88' lang='lat' dir='ltr'><strong>editis</strong></span> <span class='ocrx_word' id='word_1_173' title='bbox 2348 2325 2419 2376; x_wconf 86' lang='lat' dir='ltr'><strong>ad</strong></span> 
     </span>
     <span class='ocr_line' id='line_1_23' title="bbox 201 2408 2423 2476; baseline 0.001 -18"><span class='ocrx_word' id='word_1_174' title='bbox 201 2408 326 2459; x_wconf 79' lang='lat' dir='ltr'><strong>Aen.</strong></span> <span class='ocrx_word' id='word_1_175' title='bbox 350 2411 426 2460; x_wconf 89' lang='lat' dir='ltr'><strong>IV</strong></span> <span class='ocrx_word' id='word_1_176' title='bbox 455 2412 552 2460; x_wconf 83' lang='lat'><strong>146</strong></span> <span class='ocrx_word' id='word_1_177' title='bbox 586 2410 823 2460; x_wconf 85' lang='lat' dir='ltr'><strong>indicari</strong></span> <span class='ocrx_word' id='word_1_178' title='bbox 858 2410 1090 2464; x_wconf 87' lang='lat' dir='ltr'><strong>videtur.</strong></span> <span class='ocrx_word' id='word_1_179' title='bbox 1139 2411 1252 2460; x_wconf 89' lang='lat' dir='ltr'><strong>iam</strong></span> <span class='ocrx_word' id='word_1_180' title='bbox 1287 2424 1486 2460; x_wconf 89' lang='lat' dir='ltr'><strong>novum</strong></span> <span class='ocrx_word' id='word_1_181' title='bbox 1521 2425 1741 2476; x_wconf 88' lang='lat' dir='ltr'><strong>prorsus</strong></span> <span class='ocrx_word' id='word_1_182' title='bbox 1781 2411 2013 2476; x_wconf 83' lang='lat' dir='ltr'><strong>emergit</strong></span> <span class='ocrx_word' id='word_1_183' title='bbox 2048 2412 2423 2462; x_wconf 87' lang='lat' dir='ltr'><strong>testimonium</strong></span> 
     </span>
     <span class='ocr_line' id='line_1_24' title="bbox 202 2494 2420 2560; baseline 0 -17"><span class='ocrx_word' id='word_1_184' title='bbox 202 2494 264 2544; x_wconf 86' lang='lat' dir='ltr'><strong>de</strong></span> <span class='ocrx_word' id='word_1_185' title='bbox 297 2495 502 2545; x_wconf 87' lang='lat' dir='ltr'><strong>Pacuvi</strong></span> <span class='ocrx_word' id='word_1_186' title='bbox 527 2495 749 2560; x_wconf 89' lang='lat' dir='ltr'><strong>Titique</strong></span> <span class='ocrx_word' id='word_1_187' title='bbox 787 2520 848 2528; x_wconf 96' lang='lat'><strong>—</strong></span> <span class='ocrx_word' id='word_1_188' title='bbox 888 2495 1096 2544; x_wconf 89' lang='lat' dir='ltr'><strong>Titinio</strong></span> <span class='ocrx_word' id='word_1_189' title='bbox 1133 2496 1276 2545; x_wconf 88' lang='lat' dir='ltr'><strong>enim</strong></span> <span class='ocrx_word' id='word_1_190' title='bbox 1313 2495 1498 2545; x_wconf 88' lang='lat' dir='ltr'><strong>Titius</strong></span> <span class='ocrx_word' id='word_1_191' title='bbox 1536 2495 1948 2546; x_wconf 85' lang='lat' dir='ltr'><strong>substituendus</strong></span> <span class='ocrx_word' id='word_1_192' title='bbox 1984 2521 2052 2532; x_wconf 91' lang='lat'>—</span> <span class='ocrx_word' id='word_1_193' title='bbox 2088 2497 2420 2560; x_wconf 82' lang='lat' dir='ltr'><strong>tragicorum</strong></span> 
     </span>
     <span class='ocr_line' id='line_1_25' title="bbox 201 2579 2423 2646; baseline 0 -18"><span class='ocrx_word' id='word_1_194' title='bbox 201 2580 537 2642; x_wconf 85' lang='lat' dir='ltr'><strong>Protesilais,</strong></span> <span class='ocrx_word' id='word_1_195' title='bbox 589 2579 732 2645; x_wconf 89' lang='lat' dir='ltr'><strong>quod</strong></span> <span class='ocrx_word' id='word_1_196' title='bbox 774 2579 923 2629; x_wconf 90' lang='lat' dir='ltr'><strong>haud</strong></span> <span class='ocrx_word' id='word_1_197' title='bbox 969 2580 1220 2646; x_wconf 83' lang='lat' dir='ltr'><strong>profecto</strong></span> <span class='ocrx_word' id='word_1_198' title='bbox 1269 2579 1539 2630; x_wconf 87' lang='lat' dir='ltr'><strong>reiculum</strong></span> <span class='ocrx_word' id='word_1_199' title='bbox 1574 2581 1844 2632; x_wconf 87' lang='lat' dir='ltr'><strong>videatur.</strong></span> <span class='ocrx_word' id='word_1_200' title='bbox 1918 2595 2243 2645; x_wconf 87' lang='lat' dir='ltr'><strong>quamquam</strong></span> <span class='ocrx_word' id='word_1_201' title='bbox 2282 2581 2423 2644; x_wconf 88' lang='lat' dir='ltr'><strong>quod</strong></span> 
     </span>
     <span class='ocr_line' id='line_1_26' title="bbox 205 2662 2418 2729; baseline 0 -16"><span class='ocrx_word' id='word_1_202' title='bbox 205 2663 266 2714; x_wconf 87' lang='lat' dir='ltr'><strong>de</strong></span> <span class='ocrx_word' id='word_1_203' title='bbox 299 2663 492 2715; x_wconf 86' lang='lat' dir='ltr'><strong>Ovidio</strong></span> <span class='ocrx_word' id='word_1_204' title='bbox 537 2663 886 2729; x_wconf 83' lang='lat' dir='ltr'><strong>subiungitur</strong></span> <span class='ocrx_word' id='word_1_205' title='bbox 929 2664 1097 2715; x_wconf 84' lang='lat' dir='ltr'><strong>facile</strong></span> <span class='ocrx_word' id='word_1_206' title='bbox 1145 2662 1297 2713; x_wconf 86' lang='lat' dir='ltr'><strong>soliti</strong></span> <span class='ocrx_word' id='word_1_207' title='bbox 1345 2665 1563 2729; x_wconf 84' lang='lat' dir='ltr'><strong>generis</strong></span> <span class='ocrx_word' id='word_1_208' title='bbox 1611 2663 1905 2714; x_wconf 82' lang='lat' dir='ltr'><strong>hariolatio</strong></span> <span class='ocrx_word' id='word_1_209' title='bbox 1944 2668 2041 2713; x_wconf 87' lang='lat' dir='ltr'><strong>est.</strong></span> <span class='ocrx_word' id='word_1_210' title='bbox 2114 2664 2171 2712; x_wconf 88' lang='lat' dir='ltr'><strong>in</strong></span> <span class='ocrx_word' id='word_1_211' title='bbox 2210 2678 2418 2727; x_wconf 84' lang='lat' dir='ltr'><strong>argum.</strong></span> 
     </span>
     <span class='ocr_line' id='line_1_27' title="bbox 208 2748 2423 2815; baseline 0 -18"><span class='ocrx_word' id='word_1_212' title='bbox 208 2763 284 2813; x_wconf 88' lang='lat' dir='ltr'><strong>ep.</strong></span> <span class='ocrx_word' id='word_1_213' title='bbox 319 2749 498 2800; x_wconf 89' lang='lat' dir='ltr'>XVIII</span> <span class='ocrx_word' id='word_1_214' title='bbox 534 2749 765 2815; x_wconf 83' lang='lat' dir='ltr'><strong>legitur:</strong></span> <span class='ocrx_word' id='word_1_215' title='bbox 825 2749 1070 2798; x_wconf 82' lang='lat' dir='ltr'><strong>Leander</strong></span> <span class='ocrx_word' id='word_1_216' title='bbox 1103 2749 1349 2798; x_wconf 76' lang='lat' dir='ltr'><strong>abidenus</strong></span> <span class='ocrx_word' id='word_1_217' title='bbox 1385 2765 1493 2798; x_wconf 83' lang='lat' dir='ltr'><strong>cum</strong></span> <span class='ocrx_word' id='word_1_218' title='bbox 1530 2748 1730 2798; x_wconf 63' lang='lat' dir='ltr'><strong>Sextiae</strong></span> <span class='ocrx_word' id='word_1_219' title='bbox 1766 2748 1918 2798; x_wconf 73' lang='lat' dir='ltr'><strong>herus</strong></span> <span class='ocrx_word' id='word_1_220' title='bbox 1954 2763 2124 2797; x_wconf 83' lang='lat' dir='ltr'><strong>amore</strong></span> <span class='ocrx_word' id='word_1_221' title='bbox 2162 2754 2423 2797; x_wconf 79' lang='lat' dir='ltr'><strong>teneretur</strong></span> 
     </span>
     <span class='ocr_line' id='line_1_28' title="bbox 207 2831 2422 2898; baseline 0 -16"><span class='ocrx_word' id='word_1_222' title='bbox 207 2842 342 2884; x_wconf 84' lang='lat' dir='ltr'><strong>noctu</strong></span> <span class='ocrx_word' id='word_1_223' title='bbox 381 2837 535 2885; x_wconf 74' lang='lat' dir='ltr'><strong>mam&#39;s</strong></span> <span class='ocrx_word' id='word_1_224' title='bbox 580 2836 841 2898; x_wconf 67' lang='lat' dir='ltr'><strong>angustias</strong></span> <span class='ocrx_word' id='word_1_225' title='bbox 886 2841 940 2883; x_wconf 83' lang='lat' dir='ltr'><strong>ut</strong></span> <span class='ocrx_word' id='word_1_226' title='bbox 976 2834 1322 2885; x_wconf 72' lang='lat' dir='ltr'><strong>Philostratus</strong></span> <span class='ocrx_word' id='word_1_227' title='bbox 1364 2831 1549 2884; x_wconf 71' lang='lat' dir='ltr'><strong>scribit</strong></span> <span class='ocrx_word' id='word_1_228' title='bbox 1581 2839 1764 2883; x_wconf 82' lang='lat' dir='ltr'><strong>natare</strong></span> <span class='ocrx_word' id='word_1_229' title='bbox 1800 2834 1873 2883; x_wconf 85' lang='lat' dir='ltr'><strong>ad</strong></span> <span class='ocrx_word' id='word_1_230' title='bbox 1904 2835 2039 2883; x_wconf 82' lang='lat' dir='ltr'><strong>illam</strong></span> <span class='ocrx_word' id='word_1_231' title='bbox 2074 2840 2422 2883; x_wconf 76' lang='lat' dir='ltr'><strong>consueverat.</strong></span> 
     </span>
     <span class='ocr_line' id='line_1_29' title="bbox 208 2917 2426 2984; baseline 0.002 -18"><span class='ocrx_word' id='word_1_232' title='bbox 208 2931 317 2968; x_wconf 91' lang='lat' dir='ltr'><strong>cum</strong></span> <span class='ocrx_word' id='word_1_233' title='bbox 349 2934 614 2984; x_wconf 85' lang='lat' dir='ltr'><strong>nusquam</strong></span> <span class='ocrx_word' id='word_1_234' title='bbox 651 2917 1023 2968; x_wconf 86' lang='lat' dir='ltr'><strong>Philostratus</strong></span> <span class='ocrx_word' id='word_1_235' title='bbox 1061 2919 1119 2968; x_wconf 90' lang='lat' dir='ltr'><strong>in</strong></span> <span class='ocrx_word' id='word_1_236' title='bbox 1156 2919 1238 2969; x_wconf 89' lang='lat' dir='ltr'><strong>eis</strong></span> <span class='ocrx_word' id='word_1_237' title='bbox 1275 2934 1415 2984; x_wconf 89' lang='lat' dir='ltr'><strong>quae</strong></span> <span class='ocrx_word' id='word_1_238' title='bbox 1451 2932 1553 2968; x_wconf 88' lang='lat' dir='ltr'><strong>nos</strong></span> <span class='ocrx_word' id='word_1_239' title='bbox 1591 2917 1856 2969; x_wconf 87' lang='lat' dir='ltr'><strong>habemus</strong></span> <span class='ocrx_word' id='word_1_240' title='bbox 1892 2918 2115 2983; x_wconf 86' lang='lat' dir='ltr'><strong>scriptis</strong></span> <span class='ocrx_word' id='word_1_241' title='bbox 2150 2918 2333 2968; x_wconf 87' lang='lat' dir='ltr'><strong>Herus</strong></span> <span class='ocrx_word' id='word_1_242' title='bbox 2370 2925 2426 2970; x_wconf 90' lang='lat' dir='ltr'><strong>et</strong></span> 
     </span>
     <span class='ocr_line' id='line_1_30' title="bbox 207 3002 2427 3068; baseline 0.001 -17"><span class='ocrx_word' id='word_1_243' title='bbox 207 3002 430 3053; x_wconf 86' lang='lat' dir='ltr'><strong>Leandri</strong></span> <span class='ocrx_word' id='word_1_244' title='bbox 466 3018 708 3054; x_wconf 89' lang='lat' dir='ltr'><strong>amorum</strong></span> <span class='ocrx_word' id='word_1_245' title='bbox 747 3002 1012 3052; x_wconf 83' lang='lat' dir='ltr'><strong>similisve</strong></span> <span class='ocrx_word' id='word_1_246' title='bbox 1049 3003 1131 3052; x_wconf 89' lang='lat' dir='ltr'><strong>rei</strong></span> <span class='ocrx_word' id='word_1_247' title='bbox 1169 3003 1309 3068; x_wconf 89' lang='lat' dir='ltr'><strong>quod</strong></span> <span class='ocrx_word' id='word_1_248' title='bbox 1348 3018 1451 3067; x_wconf 88' lang='lat' dir='ltr'><strong>ego</strong></span> <span class='ocrx_word' id='word_1_249' title='bbox 1488 3003 1664 3053; x_wconf 89' lang='lat' dir='ltr'><strong>sciam</strong></span> <span class='ocrx_word' id='word_1_250' title='bbox 1702 3002 2034 3054; x_wconf 89' lang='lat' dir='ltr'><strong>mentionem</strong></span> <span class='ocrx_word' id='word_1_251' title='bbox 2072 3003 2286 3065; x_wconf 86' lang='lat' dir='ltr'><strong>iniciat,</strong></span> <span class='ocrx_word' id='word_1_252' title='bbox 2328 3007 2427 3053; x_wconf 90' lang='lat' dir='ltr'><strong>aut</strong></span> 
     </span>
     <span class='ocr_line' id='line_1_31' title="bbox 207 3087 2426 3153; baseline 0.002 -19"><span class='ocrx_word' id='word_1_253' title='bbox 207 3088 422 3138; x_wconf 88' lang='lat' dir='ltr'><strong>nominis</strong></span> <span class='ocrx_word' id='word_1_254' title='bbox 459 3103 612 3138; x_wconf 89' lang='lat' dir='ltr'><strong>error</strong></span> <span class='ocrx_word' id='word_1_255' title='bbox 646 3088 864 3149; x_wconf 87' lang='lat' dir='ltr'><strong>subest,</strong></span> <span class='ocrx_word' id='word_1_256' title='bbox 915 3092 1010 3136; x_wconf 89' lang='lat' dir='ltr'><strong>aut</strong></span> <span class='ocrx_word' id='word_1_257' title='bbox 1055 3087 1206 3138; x_wconf 90' lang='lat' dir='ltr'><strong>illius</strong></span> <span class='ocrx_word' id='word_1_258' title='bbox 1243 3087 1528 3138; x_wconf 89' lang='lat' dir='ltr'><strong>testimoni</strong></span> <span class='ocrx_word' id='word_1_259' title='bbox 1563 3089 1769 3153; x_wconf 89' lang='lat' dir='ltr'><strong>primus</strong></span> <span class='ocrx_word' id='word_1_260' title='bbox 1807 3093 2001 3138; x_wconf 86' lang='lat' dir='ltr'><strong>auctor</strong></span> <span class='ocrx_word' id='word_1_261' title='bbox 2038 3088 2282 3153; x_wconf 86' lang='lat' dir='ltr'><strong>quisquis</strong></span> <span class='ocrx_word' id='word_1_262' title='bbox 2319 3089 2426 3138; x_wconf 83' lang='lat' dir='ltr'><strong>fuit</strong></span> 
     </span>
     <span class='ocr_line' id='line_1_32' title="bbox 208 3171 2423 3238; baseline 0.002 -20"><span class='ocrx_word' id='word_1_263' title='bbox 208 3171 487 3238; x_wconf 84' lang='lat' dir='ltr'><strong>integriore</strong></span> <span class='ocrx_word' id='word_1_264' title='bbox 528 3188 692 3238; x_wconf 89' lang='lat' dir='ltr'><strong>quam</strong></span> <span class='ocrx_word' id='word_1_265' title='bbox 727 3187 826 3222; x_wconf 88' lang='lat' dir='ltr'><strong>nos</strong></span> <span class='ocrx_word' id='word_1_266' title='bbox 863 3187 992 3222; x_wconf 86' lang='lat' dir='ltr'><strong>usus</strong></span> <span class='ocrx_word' id='word_1_267' title='bbox 1030 3176 1114 3222; x_wconf 87' lang='lat' dir='ltr'><strong>est</strong></span> <span class='ocrx_word' id='word_1_268' title='bbox 1149 3172 1451 3237; x_wconf 86' lang='lat' dir='ltr'><strong>imaginum</strong></span> <span class='ocrx_word' id='word_1_269' title='bbox 1487 3171 1989 3223; x_wconf 86' lang='lat' dir='ltr'><strong>Philostratearum</strong></span> <span class='ocrx_word' id='word_1_270' title='bbox 2017 3171 2280 3237; x_wconf 84' lang='lat' dir='ltr'><strong>exemplo,</strong></span> <span class='ocrx_word' id='word_1_271' title='bbox 2320 3188 2423 3237; x_wconf 89' lang='lat' dir='ltr'><strong>quo</strong></span> 
     </span>
     <span class='ocr_line' id='line_1_33' title="bbox 209 3256 2421 3322; baseline 0.002 -17"><span class='ocrx_word' id='word_1_272' title='bbox 209 3257 360 3306; x_wconf 84' lang='lat' dir='ltr'><strong>etiam</strong></span> <span class='ocrx_word' id='word_1_273' title='bbox 403 3259 588 3322; x_wconf 89' lang='lat' dir='ltr'><strong>imago</strong></span> <span class='ocrx_word' id='word_1_274' title='bbox 634 3256 915 3307; x_wconf 87' lang='lat' dir='ltr'><strong>Heronem</strong></span> <span class='ocrx_word' id='word_1_275' title='bbox 965 3273 1086 3307; x_wconf 92' lang='lat' dir='ltr'><strong>cum</strong></span> <span class='ocrx_word' id='word_1_276' title='bbox 1131 3257 1388 3306; x_wconf 86' lang='lat' dir='ltr'><strong>Leandro</strong></span> <span class='ocrx_word' id='word_1_277' title='bbox 1433 3261 1863 3322; x_wconf 85' lang='lat' dir='ltr'><strong>repraesentans</strong></span> <span class='ocrx_word' id='word_1_278' title='bbox 1910 3257 2189 3322; x_wconf 88' lang='lat' dir='ltr'><strong>descripta</strong></span> <span class='ocrx_word' id='word_1_279' title='bbox 2235 3257 2421 3311; x_wconf 84' lang='lat' dir='ltr'><strong>fuerit.</strong></span> 
     </span>
     <span class='ocr_line' id='line_1_34' title="bbox 205 3340 2423 3407; baseline 0.001 -17"><span class='ocrx_word' id='word_1_280' title='bbox 205 3356 422 3406; x_wconf 89' lang='lat' dir='ltr'><strong>namque</strong></span> <span class='ocrx_word' id='word_1_281' title='bbox 461 3345 710 3404; x_wconf 90' lang='lat' dir='ltr'><strong>constat,</strong></span> <span class='ocrx_word' id='word_1_282' title='bbox 751 3345 806 3392; x_wconf 87' lang='lat' dir='ltr'><strong>et</strong></span> <span class='ocrx_word' id='word_1_283' title='bbox 840 3340 940 3392; x_wconf 91' lang='lat' dir='ltr'><strong>illo</strong></span> <span class='ocrx_word' id='word_1_284' title='bbox 977 3345 1300 3406; x_wconf 85' lang='lat' dir='ltr'><strong>argumento</strong></span> <span class='ocrx_word' id='word_1_285' title='bbox 1335 3345 1557 3391; x_wconf 86' lang='lat' dir='ltr'><strong>veteres</strong></span> <span class='ocrx_word' id='word_1_286' title='bbox 1593 3342 1837 3407; x_wconf 86' lang='lat' dir='ltr'><strong>pictores</strong></span> <span class='ocrx_word' id='word_1_287' title='bbox 1870 3357 1998 3392; x_wconf 87' lang='lat' dir='ltr'><strong>usos</strong></span> <span class='ocrx_word' id='word_1_288' title='bbox 2024 3356 2177 3407; x_wconf 86' lang='lat' dir='ltr'><strong>esse,</strong></span> <span class='ocrx_word' id='word_1_289' title='bbox 2217 3347 2275 3392; x_wconf 92' lang='lat' dir='ltr'><strong>et</strong></span> <span class='ocrx_word' id='word_1_290' title='bbox 2296 3342 2423 3392; x_wconf 89' lang='lat' dir='ltr'><strong>Phi-</strong></span> 
     </span>
     <span class='ocr_line' id='line_1_35' title="bbox 205 3423 2427 3492; baseline 0.002 -20"><span class='ocrx_word' id='word_1_291' title='bbox 205 3423 533 3477; x_wconf 82' lang='lat' dir='ltr'><strong>lostratorum</strong></span> <span class='ocrx_word' id='word_1_292' title='bbox 579 3427 854 3492; x_wconf 86' lang='lat' dir='ltr'><strong>imagines</strong></span> <span class='ocrx_word' id='word_1_293' title='bbox 900 3425 1085 3476; x_wconf 89' lang='lat' dir='ltr'><strong>multis</strong></span> <span class='ocrx_word' id='word_1_294' title='bbox 1132 3426 1309 3477; x_wconf 91' lang='lat' dir='ltr'><strong>modis</strong></span> <span class='ocrx_word' id='word_1_295' title='bbox 1355 3431 1643 3476; x_wconf 87' lang='lat' dir='ltr'><strong>truncatas</strong></span> <span class='ocrx_word' id='word_1_296' title='bbox 1693 3426 1763 3477; x_wconf 88' lang='lat' dir='ltr'><strong>ad</strong></span> <span class='ocrx_word' id='word_1_297' title='bbox 1809 3441 1911 3477; x_wconf 85' lang='lat' dir='ltr'><strong>nos</strong></span> <span class='ocrx_word' id='word_1_298' title='bbox 1955 3427 2293 3492; x_wconf 88' lang='lat' dir='ltr'><strong>pervenisse.</strong></span> <span class='ocrx_word' id='word_1_299' title='bbox 2368 3431 2427 3478; x_wconf 86' lang='lat' dir='ltr'><strong>at</strong></span> 
     </span>
     <span class='ocr_line' id='line_1_36' title="bbox 203 3510 2425 3576; baseline 0.002 -18"><span class='ocrx_word' id='word_1_300' title='bbox 203 3510 244 3558; x_wconf 90' lang='lat' dir='ltr'><strong>si</strong></span> <span class='ocrx_word' id='word_1_301' title='bbox 283 3512 340 3560; x_wconf 91' lang='lat' dir='ltr'><strong>in</strong></span> <span class='ocrx_word' id='word_1_302' title='bbox 381 3513 602 3562; x_wconf 90' lang='lat' dir='ltr'><strong>nomine</strong></span> <span class='ocrx_word' id='word_1_303' title='bbox 649 3515 943 3576; x_wconf 85' lang='lat' dir='ltr'><strong>peccatum</strong></span> <span class='ocrx_word' id='word_1_304' title='bbox 991 3516 1104 3575; x_wconf 87' lang='lat' dir='ltr'><strong>est,</strong></span> <span class='ocrx_word' id='word_1_305' title='bbox 1151 3525 1260 3561; x_wconf 87' lang='lat' dir='ltr'><strong>non</strong></span> <span class='ocrx_word' id='word_1_306' title='bbox 1309 3512 1490 3561; x_wconf 89' lang='lat' dir='ltr'><strong>minus</strong></span> <span class='ocrx_word' id='word_1_307' title='bbox 1536 3515 1668 3576; x_wconf 84' lang='lat' dir='ltr'><strong>puto</strong></span> <span class='ocrx_word' id='word_1_308' title='bbox 1716 3527 1780 3562; x_wconf 85' lang='lat' dir='ltr'><strong>eo</strong></span> <span class='ocrx_word' id='word_1_309' title='bbox 1826 3512 2088 3562; x_wconf 88' lang='lat' dir='ltr'><strong>ducemur</strong></span> <span class='ocrx_word' id='word_1_310' title='bbox 2122 3517 2183 3562; x_wconf 90' lang='lat' dir='ltr'><strong>ut</strong></span> <span class='ocrx_word' id='word_1_311' title='bbox 2218 3513 2425 3563; x_wconf 89' lang='lat' dir='ltr'><strong>fontem</strong></span> 
     </span>
     <span class='ocr_line' id='line_1_37' title="bbox 201 3595 2427 3662; baseline 0.002 -20"><span class='ocrx_word' id='word_1_312' title='bbox 201 3599 492 3646; x_wconf 82' lang='lat' dir='ltr'><strong>statuamus</strong></span> <span class='ocrx_word' id='word_1_313' title='bbox 538 3595 702 3646; x_wconf 85' lang='lat' dir='ltr'><strong>hodie</strong></span> <span class='ocrx_word' id='word_1_314' title='bbox 751 3611 860 3645; x_wconf 88' lang='lat' dir='ltr'><strong>non</strong></span> <span class='ocrx_word' id='word_1_315' title='bbox 906 3597 1017 3646; x_wconf 90' lang='lat' dir='ltr'><strong>iam</strong></span> <span class='ocrx_word' id='word_1_316' title='bbox 1055 3599 1356 3661; x_wconf 85' lang='lat' dir='ltr'><strong>patentem.</strong></span> <span class='ocrx_word' id='word_1_317' title='bbox 1430 3610 1535 3660; x_wconf 87' lang='lat' dir='ltr'><strong>quo</strong></span> <span class='ocrx_word' id='word_1_318' title='bbox 1572 3601 1736 3661; x_wconf 82' lang='lat' dir='ltr'><strong>pacto</strong></span> <span class='ocrx_word' id='word_1_319' title='bbox 1775 3598 1920 3648; x_wconf 88' lang='lat' dir='ltr'><strong>enim</strong></span> <span class='ocrx_word' id='word_1_320' title='bbox 1956 3596 2077 3647; x_wconf 84' lang='lat' dir='ltr'><strong>fieri</strong></span> <span class='ocrx_word' id='word_1_321' title='bbox 2112 3602 2332 3662; x_wconf 86' lang='lat' dir='ltr'><strong>poterat</strong></span> <span class='ocrx_word' id='word_1_322' title='bbox 2366 3602 2427 3646; x_wconf 92' lang='lat' dir='ltr'><strong>ut</strong></span> 
     </span>
     <span class='ocr_line' id='line_1_38' title="bbox 201 3678 2423 3746; baseline 0.001 -19"><span class='ocrx_word' id='word_1_323' title='bbox 201 3678 550 3731; x_wconf 87' lang='lat' dir='ltr'><strong>Philostratus</strong></span> <span class='ocrx_word' id='word_1_324' title='bbox 588 3697 710 3732; x_wconf 92' lang='lat' dir='ltr'><strong>cum</strong></span> <span class='ocrx_word' id='word_1_325' title='bbox 745 3682 974 3732; x_wconf 85' lang='lat' dir='ltr'><strong>Musaeo</strong></span> <span class='ocrx_word' id='word_1_326' title='bbox 1010 3680 1100 3731; x_wconf 86' lang='lat' dir='ltr'><strong>vel</strong></span> <span class='ocrx_word' id='word_1_327' title='bbox 1128 3680 1372 3746; x_wconf 88' lang='lat' dir='ltr'><strong>Vergilio</strong></span> <span class='ocrx_word' id='word_1_328' title='bbox 1409 3680 1501 3731; x_wconf 87' lang='lat' dir='ltr'><strong>vel</strong></span> <span class='ocrx_word' id='word_1_329' title='bbox 1527 3681 1731 3732; x_wconf 88' lang='lat' dir='ltr'><strong>Ovidio</strong></span> <span class='ocrx_word' id='word_1_330' title='bbox 1765 3681 1857 3733; x_wconf 88' lang='lat' dir='ltr'><strong>vel</strong></span> <span class='ocrx_word' id='word_1_331' title='bbox 1894 3681 2073 3732; x_wconf 87' lang='lat' dir='ltr'><strong>Statio</strong></span> <span class='ocrx_word' id='word_1_332' title='bbox 2112 3683 2423 3745; x_wconf 85' lang='lat' dir='ltr'><strong>ceterisque</strong></span> 
     </span>
     <span class='ocr_line' id='line_1_39' title="bbox 201 3763 2422 3831; baseline -0.001 -18"><span class='ocrx_word' id='word_1_333' title='bbox 201 3778 322 3827; x_wconf 87' lang='lat' dir='ltr'><strong>quos</strong></span> <span class='ocrx_word' id='word_1_334' title='bbox 357 3770 610 3817; x_wconf 84' lang='lat' dir='ltr'><strong>recenset</strong></span> <span class='ocrx_word' id='word_1_335' title='bbox 643 3765 998 3816; x_wconf 89' lang='lat' dir='ltr'><strong>Heinrichius</strong></span> <span class='ocrx_word' id='word_1_336' title='bbox 1034 3765 1216 3830; x_wconf 83' lang='lat' dir='ltr'><strong>praef.</strong></span> <span class='ocrx_word' id='word_1_337' title='bbox 1254 3765 1324 3814; x_wconf 91' lang='lat' dir='ltr'><strong>ad</strong></span> <span class='ocrx_word' id='word_1_338' title='bbox 1358 3767 1500 3816; x_wconf 73' lang='grc' dir='ltr'><strong>Μ115.</strong></span> <span class='ocrx_word' id='word_1_339' title='bbox 1537 3782 1589 3831; x_wconf 94' lang='lat' dir='ltr'><strong>p.</strong></span> <span class='ocrx_word' id='word_1_340' title='bbox 1616 3767 1775 3817; x_wconf 88' lang='lat' dir='ltr'>XLII</span> <span class='ocrx_word' id='word_1_341' title='bbox 1801 3781 1920 3831; x_wconf 90' lang='lat' dir='ltr'><strong>sqq.</strong></span> <span class='ocrx_word' id='word_1_342' title='bbox 1958 3763 2422 3815; x_wconf 83' lang='lat' dir='ltr'><strong>confunderetur?</strong></span> 
     </span>
     <span class='ocr_line' id='line_1_40' title="bbox 201 3842 2425 3915; baseline 0 -18"><span class='ocrx_word' id='word_1_343' title='bbox 201 3863 510 3914; x_wconf 89' lang='lat' dir='ltr'><strong>quamquam</strong></span> <span class='ocrx_word' id='word_1_344' title='bbox 545 3865 658 3900; x_wconf 88' lang='lat' dir='ltr'><strong>non</strong></span> <span class='ocrx_word' id='word_1_345' title='bbox 693 3851 884 3901; x_wconf 85' lang='lat' dir='ltr'><strong>nescio</strong></span> <span class='ocrx_word' id='word_1_346' title='bbox 919 3849 1008 3900; x_wconf 89' lang='lat' dir='ltr'><strong>his</strong></span> <span class='ocrx_word' id='word_1_347' title='bbox 1043 3852 1100 3899; x_wconf 89' lang='lat' dir='ltr'><strong>in</strong></span> <span class='ocrx_word' id='word_1_348' title='bbox 1139 3851 1304 3900; x_wconf 88' lang='lat' dir='ltr'><strong>rebus</strong></span> <span class='ocrx_word' id='word_1_349' title='bbox 1329 3842 1723 3901; x_wconf 58' lang='lat' dir='ltr'><strong>circumreniri</strong></span> <span class='ocrx_word' id='word_1_350' title='bbox 1748 3865 1917 3915; x_wconf 86' lang='lat' dir='ltr'><strong>saepe</strong></span> <span class='ocrx_word' id='word_1_351' title='bbox 1942 3849 2425 3899; x_wconf 86' lang='lat' dir='ltr'><strong>ratiocinationem</strong></span> 
     </span>
     <span class='ocr_line' id='line_1_41' title="bbox 203 3933 2422 4000; baseline 0.001 -20"><span class='ocrx_word' id='word_1_352' title='bbox 203 3947 232 3980; x_wconf 86' lang='lat' dir='ltr'><strong>a</strong></span> <span class='ocrx_word' id='word_1_353' title='bbox 264 3949 418 3984; x_wconf 88' lang='lat' dir='ltr'><strong>casus</strong></span> <span class='ocrx_word' id='word_1_354' title='bbox 451 3935 726 3985; x_wconf 89' lang='lat' dir='ltr'><strong>ludibriis.</strong></span> <span class='ocrx_word' id='word_1_355' title='bbox 798 3935 957 3985; x_wconf 87' lang='lat' dir='ltr'><strong>modo</strong></span> <span class='ocrx_word' id='word_1_356' title='bbox 1009 3935 1074 3984; x_wconf 90' lang='lat' dir='ltr'><strong>de</strong></span> <span class='ocrx_word' id='word_1_357' title='bbox 1113 3935 1308 3985; x_wconf 88' lang='lat' dir='ltr'><strong>fraude</strong></span> <span class='ocrx_word' id='word_1_358' title='bbox 1345 3934 1460 3985; x_wconf 89' lang='lat' dir='ltr'><strong>noli</strong></span> <span class='ocrx_word' id='word_1_359' title='bbox 1498 3937 1764 4000; x_wconf 87' lang='lat' dir='ltr'><strong>cogitare.</strong></span> <span class='ocrx_word' id='word_1_360' title='bbox 1836 3935 2072 3999; x_wconf 87' lang='lat' dir='ltr'><strong>denique</strong></span> <span class='ocrx_word' id='word_1_361' title='bbox 2108 3933 2277 3994; x_wconf 80' lang='lat' dir='ltr'><strong>dig-na</strong></span> <span class='ocrx_word' id='word_1_362' title='bbox 2312 3949 2422 3982; x_wconf 88' lang='lat' dir='ltr'><strong>me-</strong></span> 
     </span>
     <span class='ocr_line' id='line_1_42' title="bbox 199 4019 2425 4085; baseline 0 -19"><span class='ocrx_word' id='word_1_363' title='bbox 199 4024 396 4068; x_wconf 88' lang='lat' dir='ltr'><strong>moratu</strong></span> <span class='ocrx_word' id='word_1_364' title='bbox 418 4019 562 4070; x_wconf 91' lang='lat' dir='ltr'><strong>haec</strong></span> <span class='ocrx_word' id='word_1_365' title='bbox 591 4036 658 4069; x_wconf 83' lang='lat' dir='ltr'><strong>ex</strong></span> <span class='ocrx_word' id='word_1_366' title='bbox 687 4033 893 4084; x_wconf 85' lang='lat' dir='ltr'><strong>argum.</strong></span> <span class='ocrx_word' id='word_1_367' title='bbox 923 4035 1008 4084; x_wconf 89' lang='lat' dir='ltr'><strong>ep.</strong></span> <span class='ocrx_word' id='word_1_368' title='bbox 1035 4019 1118 4069; x_wconf 87' lang='lat' dir='ltr'><strong>II:</strong></span> <span class='ocrx_word' id='word_1_369' title='bbox 1151 4021 1342 4084; x_wconf 75' lang='lat' dir='ltr'><strong>phyllis</strong></span> <span class='ocrx_word' id='word_1_370' title='bbox 1377 4021 1615 4085; x_wconf 67' lang='lat' dir='ltr'><strong>Lycur-9³·</strong></span> <span class='ocrx_word' id='word_1_371' title='bbox 1648 4021 1869 4070; x_wconf 78' lang='lat' dir='ltr'><strong>driantis</strong></span> <span class='ocrx_word' id='word_1_372' title='bbox 1904 4034 1985 4067; x_wconf 74' lang='lat' dir='ltr'><strong>ex</strong></span> <span class='ocrx_word' id='word_1_373' title='bbox 2018 4023 2425 4066; x_wconf 80' lang='lat' dir='ltr'><strong>crustumena</strong></span> 
     </span>
     <span class='ocr_line' id='line_1_43' title="bbox 193 4100 2424 4168; baseline 0 -18"><span class='ocrx_word' id='word_1_374' title='bbox 193 4103 294 4162; x_wconf 80' lang='lat' dir='ltr'><strong>filia</strong></span> <span class='ocrx_word' id='word_1_375' title='bbox 337 4119 382 4153; x_wconf 86' lang='lat' dir='ltr'><strong>e.</strong></span> <span class='ocrx_word' id='word_1_376' title='bbox 422 4119 471 4168; x_wconf 90' lang='lat' dir='ltr'><strong>q.</strong></span> <span class='ocrx_word' id='word_1_377' title='bbox 507 4119 553 4157; x_wconf 71' lang='lat' dir='ltr'><strong>a.</strong></span> <span class='ocrx_word' id='word_1_378' title='bbox 627 4102 898 4168; x_wconf 84' lang='lat' dir='ltr'><strong>Phyllidis</strong></span> <span class='ocrx_word' id='word_1_379' title='bbox 954 4109 1168 4168; x_wconf 90' lang='lat' dir='ltr'><strong>patrem</strong></span> <span class='ocrx_word' id='word_1_380' title='bbox 1226 4103 1324 4154; x_wconf 87' lang='lat' dir='ltr'><strong>alii</strong></span> <span class='ocrx_word' id='word_1_381' title='bbox 1372 4103 1723 4153; x_wconf 80' lang='lat' dir='ltr'><strong>Sithonem</strong></span> <span class='ocrx_word' id='word_1_382' title='bbox 1778 4103 2065 4151; x_wconf 86' lang='lat' dir='ltr'><strong>nominant</strong></span> <span class='ocrx_word' id='word_1_383' title='bbox 2110 4100 2210 4151; x_wconf 87' lang='lat' dir='ltr'><strong>alii</strong></span> <span class='ocrx_word' id='word_1_384' title='bbox 2252 4102 2424 4166; x_wconf 84' lang='lat' dir='ltr'><strong>Phy-</strong></span> 
     </span>
     <span class='ocr_line' id='line_1_44' title="bbox 199 4180 2425 4254; baseline 0.001 -20"><span class='ocrx_word' id='word_1_385' title='bbox 199 4180 384 4250; x_wconf 84' lang='lat' dir='ltr'><strong>leum,</strong></span> <span class='ocrx_word' id='word_1_386' title='bbox 419 4189 808 4254; x_wconf 81' lang='lat' dir='ltr'><strong>Lycurgum</strong></span> <span class='ocrx_word' id='word_1_387' title='bbox 843 4186 1276 4253; x_wconf 83' lang='lat' dir='ltr'><strong>mythographus</strong></span> <span class='ocrx_word' id='word_1_388' title='bbox 1302 4189 1582 4238; x_wconf 88' lang='lat' dir='ltr'><strong>Bodianus</strong></span> <span class='ocrx_word' id='word_1_389' title='bbox 1619 4188 1646 4237; x_wconf 97' lang='lat' dir='ltr'>I</span> <span class='ocrx_word' id='word_1_390' title='bbox 1680 4187 1781 4238; x_wconf 78' lang='lat'><strong>204</strong></span> <span class='ocrx_word' id='word_1_391' title='bbox 1816 4203 1868 4252; x_wconf 84' lang='lat' dir='ltr'><strong>p.</strong></span> <span class='ocrx_word' id='word_1_392' title='bbox 1896 4187 1964 4237; x_wconf 77' lang='lat'><strong>64</strong></span> <span class='ocrx_word' id='word_1_393' title='bbox 2001 4190 2057 4236; x_wconf 87' lang='lat' dir='ltr'><strong>et</strong></span> <span class='ocrx_word' id='word_1_394' title='bbox 2093 4186 2425 4252; x_wconf 84' lang='lat' dir='ltr'><strong>Pomponius</strong></span> 
     </span>
     <span class='ocr_line' id='line_1_45' title="bbox 201 4269 2426 4341; baseline 0.002 -23"><span class='ocrx_word' id='word_1_395' title='bbox 201 4269 417 4324; x_wconf 85' lang='lat' dir='ltr'><strong>Sabinus</strong></span> <span class='ocrx_word' id='word_1_396' title='bbox 453 4275 526 4324; x_wconf 86' lang='lat' dir='ltr'><strong>ad</strong></span> <span class='ocrx_word' id='word_1_397' title='bbox 563 4273 731 4336; x_wconf 89' lang='lat' dir='ltr'><strong>Verg.</strong></span> <span class='ocrx_word' id='word_1_398' title='bbox 771 4272 878 4323; x_wconf 88' lang='lat' dir='ltr'><strong>cul.</strong></span> <span class='ocrx_word' id='word_1_399' title='bbox 921 4276 1019 4323; x_wconf 85' lang='lat'><strong>130</strong></span> <span class='ocrx_word' id='word_1_400' title='bbox 1056 4288 1134 4337; x_wconf 88' lang='lat' dir='ltr'><strong>sq.</strong></span> <span class='ocrx_word' id='word_1_401' title='bbox 1187 4278 1244 4322; x_wconf 89' lang='lat' dir='ltr'><strong>at</strong></span> <span class='ocrx_word' id='word_1_402' title='bbox 1291 4273 1432 4338; x_wconf 88' lang='lat' dir='ltr'><strong>quod</strong></span> <span class='ocrx_word' id='word_1_403' title='bbox 1480 4274 1646 4326; x_wconf 88' lang='lat' dir='ltr'><strong>matri</strong></span> <span class='ocrx_word' id='word_1_404' title='bbox 1692 4271 1967 4341; x_wconf 82' lang='lat' dir='ltr'><strong>Phyllidis</strong></span> <span class='ocrx_word' id='word_1_405' title='bbox 2010 4287 2211 4324; x_wconf 87' lang='lat' dir='ltr'><strong>nomen</strong></span> <span class='ocrx_word' id='word_1_406' title='bbox 2256 4272 2426 4323; x_wconf 85' lang='lat' dir='ltr'><strong>fuerit</strong></span> 
     </span>
    </p>
   </div>
  </div>
 </body>
</html>
