2917 4992
771 475 931 562 ὅὶκρα
975 481 1040 544 δὲ
1083 481 1328 561 χιονέων
1375 484 1712 558 φοινίσσετο
1756 475 1948 544 κύκλα
1990 486 2257 559 παρειῶν

775 575 853 656 ὥς
897 575 1077 664 ρ”όδον
1121 581 1187 644 ἐκ
1233 580 1515 646 καλύκων
1562 577 1983 664 διδυμόχροον·
2030 581 2069 662 ἠ
2112 577 2259 664 τάχα
2302 587 2518 662 φαίης,

766 676 986 764 Ἡροῦς
1031 681 1096 744 ἐν
1137 683 1401 762 μελέεσσι
1445 679 1638 766 ῥόδων
1682 687 1941 764 λειμῶνα
1983 689 2271 765 φανῆναι.

470 824 626 882 haec
670 823 910 882 Musaei
966 817 1139 882 vero‘
1177 843 1254 882 ex
1308 823 1524 882 Nonni
1582 825 1680 883 eis·
1728 823 2021 884 videntur
2076 825 2355 885 versibus
2418 845 2731 904 expressa

473 945 610 984 esse
680 946 832 1005 quos
889 924 1270 985 Schraderus
1335 923 1637 984 indicavit
1704 925 1785 984 ad
1839 925 1999 984 Mus.
2054 927 2107 1010 l.
2144 907 2251 1001 ἐκ,
2309 927 2435 985 XV
2490 935 2597 988 226
2662 935 2732 985 et

470 1026 630 1087 XVI
673 1035 741 1090 76
797 1047 890 1106 sq.
954 1027 1032 1086 cf.
1079 1026 1305 1085 Achill.
1351 1027 1493 1086 Tat.
1540 1028 1575 1085 Ι
1619 1035 1714 1099 19,
1772 1027 1975 1086 Nicet.
2020 1028 2264 1105 Eugen.
2311 1028 2406 1088 IV
2452 1037 2551 1090 125
2616 1027 2728 1086 ubi

469 1147 529 1184 v.
577 1127 1070 1187 Boissonadium.
1130 1137 1193 1186 at
1235 1138 1472 1200 tamen,
1520 1146 1734 1185 verum
1777 1137 1843 1186 ut
1886 1128 2113 1201 fatear,
2162 1149 2394 1208 anceps
2437 1129 2725 1202 fluctuor,

466 1236 666 1287 utrum
697 1228 1161 1288 Aristaenetum
1203 1228 1359 1287 illud
1406 1237 1671 1286 statuam
1715 1228 1921 1287 lumen
1956 1249 1989 1287 e
2024 1229 2385 1290 Callimachi
2420 1231 2730 1311 Cydippa

469 1330 644 1388 simul
693 1349 825 1388 cum
853 1331 1084 1388 Nonno
1130 1330 1520 1388 transtulisse
1568 1349 1646 1387 an
1696 1350 1729 1387 e
1760 1330 2013 1388 Musaeo
2060 1329 2357 1392 adsuisse.
2420 1353 2490 1392 ac
2527 1353 2730 1412 supra

469 1430 720 1509 quidem
766 1451 899 1488 cum
943 1429 1025 1488 de
1071 1430 1194 1488 alia
1253 1423 1635 1489 sententiola
1677 1430 2076 1490 Aristaeneto
2122 1433 2506 1514 Musaeoque
2552 1455 2727 1494 com-

468 1533 635 1589 muni
681 1531 848 1589 idem
892 1540 1319 1610 quaereretur,
1371 1531 1450 1589 ad
1484 1532 1801 1591 Musaeum
1843 1532 2011 1590 illam
2054 1553 2347 1593 revocare
2388 1538 2588 1594 visum
2626 1545 2730 1596 est

469 1641 768 1710 arguente
813 1640 942 1692 toto
990 1641 1300 1691 contextU.
1392 1642 1455 1691 at
1501 1634 1565 1691 in
1626 1654 1697 1692 eo
1758 1633 1891 1691 loco
1955 1635 2057 1712 qui
2116 1655 2279 1694 nunc
2336 1645 2428 1695 est
2485 1657 2728 1716 propo·

469 1735 621 1792 situs
668 1734 922 1812 pronior
964 1733 1096 1792 fere
1135 1753 1266 1792 sum
1306 1735 1372 1792 in
1415 1735 1785 1792 contrariam
1816 1737 2207 1795 sententiam.
2266 1757 2532 1817 namque
2560 1739 2729 1798 insi-

469 1836 674 1910 gniter
716 1835 834 1892 iste
881 1837 1176 1894 convenit
1223 1847 1284 1894 et
1331 1834 1706 1915 Callimacho
1754 1845 1817 1894 et
1862 1855 2007 1895 vero
2056 1839 2113 1895 ei
2157 1839 2278 1918 ipsi
2319 1840 2539 1914 nexui,
2594 1862 2727 1920 quo

467 1937 694 2012 legitur
737 1935 907 2014 apud
951 1935 1432 1996 Aristaenetum.
1526 1934 1786 1996 Ovidius
1831 1938 1963 1996 XX
2006 1945 2093 2000 97.

943 2072 1128 2146 adfuit
1169 2081 1222 2128 ec
1263 2075 1394 2130 vidit
1439 2089 1563 2129 cum
1611 2080 1671 2128 tu
1712 2075 1949 2146 decepta
1994 2076 2257 2145 rubebas,

379 2185 387 2190 ’
467 2214 530 2267 et
574 2206 742 2264 XXI
789 2201 890 2268 111'
934 2227 1072 2287 sqq.

871 2347 1088 2398 nomine
1131 2347 1374 2418 coniuyii
1412 2347 1561 2402 dicto
1605 2347 1846 2418 confusa
1880 2348 2108 2419 pudore

955 2447 1106 2500 sensi
1146 2461 1231 2500 me
1278 2451 1408 2502 totis
1450 2448 1735 2502 erubuisse
1773 2452 1954 2519 yenis,

869 2548 1185 2619 luminaque
1225 2550 1282 2602 in
1323 2551 1535 2620 yremio
1576 2550 1747 2604 veluti
1786 2550 1976 2622 defixa
2022 2551 2297 2620 tenebam,

955 2647 1163 2704 lumina
1198 2653 1484 2720 propositi
1519 2649 1687 2722 facta
1730 2653 1979 2706 ministra
2023 2655 2144 2708 mei.

468 2807 530 2856 et
573 2799 756 2858 simili
803 2807 968 2857 certe
1014 2819 1202 2858 sensu
1250 2799 1658 2860 Callimachus
1702 2801 1890 2861 utitur
1932 2803 1997 2862 in
2042 2803 2165 2862 lav.
2210 2802 2364 2862 Min.
2412 2812 2477 2867 27
2526 2825 2627 2886 sq.

1041 2924 1106 2990 τὸ
1155 2925 1218 2990 δ’
1265 2932 1514 3009 ἔρευθος
1555 2925 1874 3016 ἀνέδραμε,
1918 2930 2149 3016 πρώιον
2192 2935 2329 2996 οἵαν

868 3021 912 3107 ἦ
955 3029 1136 3112 ρ”όδον
1179 3025 1218 3110 ἢ
1265 3034 1469 3115 σι’βδας
1512 3031 1728 3110 κόκκος
1773 3035 1888 3114 ἔχει
1933 3041 2161 3116 χροΐαν.

465 3208 582 3246 nec
639 3188 901 3247 certiora
925 3261 935 3270 ἱ
958 3189 1190 3247 affirmo
1249 3187 1327 3248 de
1384 3190 1474 3249 eis
1534 3211 1691 3271 quae
1745 3191 2173 3251 Aristaenetus
2234 3189 2544 3271 adiungit:
2610 3193 2720 3253 καὶ

465 3277 528 3344 τὸ
575 3281 850 3364 ἐρύθημα
893 3290 1064 3347 τοῦτο
1108 3286 1294 3366 μηδὲν
1339 3291 1456 3350 τῶν
1485 3291 1693 3366 χειλῶν
1733 3283 1915 3366 αὐτῆς
1948 3289 2273 3368 διαφέρειν.
2336 3315 2723 3374 quamquam

467 3390 518 3446 si
562 3389 708 3468 quid
754 3389 898 3449 licet
940 3392 1127 3450 iudici
1173 3395 1383 3452 sensui
1427 3393 1729 3466 tribuere,
1776 3394 1931 3452 haec
1960 3414 1997 3452 a
2026 3396 2272 3455 rhetore
2318 3397 2723 3474 agglutinata

467 3487 746 3548 dixerim.
835 3491 999 3550 idem
1045 3495 1075 3551 I
1128 3506 1150 3554 l
1198 3515 1260 3571 p.
1307 3503 1368 3554 2:
1428 3493 1589 3570 χείλη
1635 3491 1699 3552 δὲ
1744 3485 1923 3552 λεπτοὶ
1968 3492 2071 3552 καὶ
2126 3486 2315 3573 ἡρέμα
2376 3496 2723 3579 διῃρημένα

464 3585 564 3646 καὶ
612 3590 726 3649 τῶν
770 3593 1035 3668 παρειῶν
1079 3585 1456 3672 ἐρυθρότερα.
1986 3675 1989 3678 ἢ

634 3711 870 3770 Iuravit
922 3712 1127 3789 virge,
1187 3712 1422 3774 audivit
1476 3715 1703 3774 Diana.
1739 3711 1785 3792 ¹)
1878 3714 2139 3778 Ovidius
2184 3718 2313 3776 XX
2360 3727 2427 3781 19
2478 3739 2573 3799 sq.
2626 3721 2718 3784 de

461 3811 696 3870 Diana:

599 4079 638 4142 ¹)
676 4082 921 4132 Achilles
946 4076 1073 4136 Tat.
1099 4084 1232 4135 VIII
1257 4086 1338 4152 12,
1366 4089 1422 4136 2:
1459 4079 1681 4152 ὤμοσεν
1704 4078 2029 4156 ἡῬοὸὤπις
2052 4087 2151 4140 καὶ
2176 4078 2423 4156 ἤκουσεν
2450 4083 2483 4158 ἡ
2510 4083 2717 4158 ’Amon-

465 4159 616 4226 δι’-ιη.
689 4165 1064 4217 Callimachus
1103 4171 1158 4218 in
1195 4170 1381 4220 Ceret.
1418 4174 1507 4223 57:

767 4241 932 4298 εἶπεν
969 4241 998 4299 ὁ
1036 4256 1190 4315 παῖς,
1231 4249 1481 4318 Νέμεσις
1517 4249 1583 4306 δὲ
1618 4251 1810 4309 κακὰν
1844 4252 2140 4324 ,ἐγράψατο
2172 4254 2392 4325 φωνάν.
