2917 4992
1069 324 1487 390 ...75-

174 502 368 561 docuit
414 501 492 561 O.
526 496 942 560 Schneiderus
975 500 1254 578 prolegg.
1299 500 1366 558 in
1399 507 1518 558 aet.
1552 520 1613 580 p.
1652 511 1795 580 lsq.
1884 505 1958 558 ila
2004 504 2147 558 enim
2190 503 2384 570 iudica,

173 608 454 678 elegiarum
502 603 994 662 Callimachearum
1031 598 1358 676 fraymenla
1401 605 1452 658 si
1492 604 1713 676 quando
1768 605 1825 659 in
1868 604 2022 660 libris
2064 607 2179 660 suis
2222 621 2383 662 usur—

165 709 413 780 paverint
451 715 687 772 veteres,
746 722 858 762 non
913 705 1118 778 eleqiae
1167 705 1272 761 sed
1327 705 1510 778 aliquo
1549 707 1785 778 proprio
1828 707 2131 778 eleyiarum
2172 709 2391 762 nomine

173 823 286 866 usos
311 823 451 865 esse.
525 808 676 882 qaod
713 823 826 864 non
867 808 943 862 ila
985 821 1136 862 nanc
1179 807 1402 879 intelltyi
1427 808 1562 876 volo,
1608 810 1773 880 quasi
1796 823 1959 864 saum
1989 810 2185 882 cuique
2210 808 2391 881 fuerit

173 912 361 984 eleyiae
388 911 691 983 proprium
734 923 948 976 nomen,
995 923 1327 982 quamquam
1372 925 1408 962 a
1453 910 1678 966 veritate
1718 923 1791 964 ne
1831 909 1935 966 hoc
1976 909 2193 982 quidem
2212 911 2391 982 plane

173 1006 446 1081 abhorret,
501 1015 570 1066 ai·
603 1011 758 1066 docet
803 1011 1050 1082 Cydippe
1064 1053 1078 1077 ‚
1137 1010 1330 1065 docent
1381 1026 1417 1063 a
1465 1009 1637 1066 Saida
1694 1013 1903 1066 servati
1952 1013 2090 1068 tituli
2139 1028 2287 1068 anus
2340 1019 2393 1068 ei

171 1116 314 1181 aller,
361 1113 504 1168 velut
537 1099 806 1179 Ἐλπίδες
826 1105 891 1184 ¹),
949 1111 1051 1167 sed
1092 1115 1255 1168 lotum
1297 1113 1599 1184 eleyiarum
1645 1111 2139 1178 Callimachearam
2183 1129 2390 1186 corpus

164 1221 380 1288 praeter
419 1206 714 1269 ἐπινίκιον
771 1197 1104 1288 ἐλεγειακὸν
1147 1207 1230 1280 εἰς
1275 1209 1576 1287 Σωσίβιον
1620 1219 1673 1269 et
1711 1200 2022 1287 πλοκαμόν
2068 1210 2387 1289 Βερενίκης

173 1325 214 1373 ει
249 1319 301 1372 si
339 1332 484 1389 quas
525 1317 670 1372 alias
699 1315 902 1387 eleyias
929 1314 1108 1370 oblata
1136 1315 1368 1370 solemni
1406 1316 1593 1389 aliqua
1624 1317 1909 1372 occasione
1932 1289 2097 1389 p⁰oeta
2138 1318 2385 1388 scripsit,

168 1421 429 1474 communi
465 1424 598 1489 puio
642 1411 866 1473 Αἰτίων
907 1419 1124 1472 nomine
1164 1416 1618 1488 comprehensum
1658 1417 1852 1496 faisse,
1895 1419 1931 1473 i.
1976 1433 2024 1474 e.
2073 1418 2394 1476 Callimachi

167 1521 356 1594 eleyias
397 1537 507 1576 non
557 1519 739 1591 fuisse
781 1519 1030 1574 diversas
1085 1519 1154 1573 ab
1207 1534 1269 1575 eo
1313 1525 1516 1590 poetae
1558 1519 1697 1574 libro
1752 1534 1922 1592 saepe
1974 1521 2199 1576 laudato
2212 1563 2227 1587 ‚
2281 1537 2388 1592 quo

165 1623 258 1690 ille,
293 1639 400 1694 per
428 1624 698 1677 somnium
727 1620 1016 1692 abreptum
1060 1635 1122 1675 se
1165 1635 1196 1676 e
1237 1621 1412 1692 Libya
1457 1623 1515 1675 in
1544 1619 1863 1675 Heliconem
1909 1628 2139 1676 montem
2182 1619 2387 1676 etcum

165 1723 330 1779 Musis
394 1725 782 1795 colloquentem
833 1723 1049 1795 finyens
1067 1765 1080 1790 ,
1147 1723 1404 1778 narravit
1465 1736 1608 1793 quae
1650 1720 1850 1778 Musae
1893 1715 2175 1796 εἰρομένῳ
2228 1708 2381 1794 ἄμφ’

167 1811 428 1900 ὥγυγίων
447 1808 694 1895 Ἡρώων
723 1818 888 1879 αἴτια
932 1817 1033 1878 καὶ
1076 1811 1363 1896 μακάρων
1396 1812 1557 1897 εἷρον
1588 1809 1991 1897 ἀμειβόμεναι,
2036 1829 2096 1878 ul
2122 1827 2207 1878 est
2236 1822 2391 1893 apua

163 1930 418 1983 incertum
457 1933 676 2000 poetam
720 1929 777 1980 in
819 1925 1035 1981 Anthol.
1082 1923 1266 1978 Palat.
1325 1923 1458 1992 VII,
1504 1930 1573 1984 42
1594 1919 1670 2000 2).
1758 1919 2139 1982 Schneidero
2185 1930 2387 1980 autem

169 2028 261 2106 qui
305 2025 668 2086 adversatus
717 2033 808 2084 est
851 2023 1158 2084 Rauchius
1205 2023 1431 2082 fumum
1476 2023 1714 2084 vendit.
1786 2025 1839 2083 is
1873 2025 2037 2082 enim
2078 2024 2145 2082 in
2174 2022 2385 2082 libello

171 2127 239 2186 de
283 2127 460 2186 aetiis
506 2127 732 2206 scripto
777 2147 840 2206 p.
885 2135 919 2188 9
963 2145 1097 2184 cum
1139 2125 1292 2184 illud
1338 2125 1453 2203 frg.
1517 2125 1595 2183 de
1644 2145 1763 2205 quo
1810 2145 1976 2183 nunc
2020 2125 2215 2202 agitur
2260 2134 2387 2183 tum

172 2209 395 2306 frggssll
415 2237 477 2288 et
495 2238 591 2292 106
616 2228 1067 2308 epigrammatis
1091 2227 1324 2286 mavult
1346 2224 1717 2298 adscribere,
1744 2246 2109 2306 quamquam
2133 2227 2385 2285 istorum

175 2331 636 2408 fragmentorum
683 2349 840 2410 quae
889 2329 1156 2388 omnium
1203 2336 1346 2387 sunt
1400 2329 1533 2386 fere
1575 2327 1955 2387 nobilissima
1998 2329 2153 2387 ratio
2200 2311 2386 2407 atque

173 2433 400 2492 indoles
447 2440 677 2512 quanto
725 2451 914 2510 opere
971 2429 1046 2489 ab
1110 2430 1613 2508 epigrammatum
1660 2429 2018 2490 Callimachi
2062 2438 2277 2507 arguta
2322 2437 2385 2488 et

177 2533 450 2593 adstricta
494 2533 794 2592 brevitate
841 2532 1166 2593 abhorreat
1214 2530 1334 2591 dici
1379 2534 1487 2591 vix
1515 2517 1740 2610 potest.
1776 2539 1838 2590 et
1869 2533 1987 2609 frg.
2024 2543 2081 2593 ll
2134 2531 2383 2610 quidem

180 2655 213 2692 a
239 2634 491 2695 Stobaeo
533 2635 664 2694 flor.
699 2634 874 2695 CXV
909 2646 965 2696 11
1004 2634 1354 2710 assignatur
1396 2633 1480 2714 τῷ
1524 2614 1733 2713 πρώτῳ
1778 2627 1959 2704 ἐπῶν,
2003 2634 2043 2690 i.
2079 2651 2132 2690 e.
2164 2628 2386 2688 αἰτίων.

181 2736 322 2795 hanc
384 2737 546 2796 enim
610 2736 860 2795 Bentlei
936 2734 1434 2795 emendationem
1511 2753 1690 2792 nemo
1760 2733 1942 2792 facile
2016 2729 2386 2814 permutabit

183 2838 514 2897 Rauchiana
568 2831 1040 2915 ἐπιγραμμάτων.
1131 2855 1202 2894 ac
1269 2834 1523 2896 Stobaei
1590 2833 1788 2894 codex
1843 2835 2185 2895 Vossianus
2224 2841 2385 2894 'cum

187 2939 371 2998 eodem
425 2941 560 2998 loco
609 2960 719 3018 pro
765 2939 942 2998 aetiis
991 2945 1419 2996 commemoret
1464 2932 1687 3016 ἐλεγεῖα
1740 2957 1951 2996 nonne
2009 2945 2071 2996 et
2124 2937 2261 3016 ipse
2311 2958 2383 2995 ee

191 3039 356 3115 ducit,
410 3050 476 3101 ut
527 3035 749 3119 ἐλεγεῖα
805 3038 880 3099 ab
937 3037 1146 3110 αἰτίοις
1188 3047 1471 3119 putemus
1518 3060 1645 3099 non
1694 3040 1984 3099 diversa?
2044 3039 2384 3098 cavendum

300 3292 334 3357 1)
368 3296 450 3344 De
489 3310 553 3344 eo
589 3291 806 3358 quidem
841 3292 1001 3343 titulo
1041 3292 1203 3342 aliter
1239 3291 1334 3341 ille
1371 3292 1568 3342 statuit
1602 3293 1912 3358 nuperrime
1951 3291 2018 3340 de
2057 3289 2384 3341 Callimachi

189 3392 380 3440 operum
413 3377 606 3440 tabula
643 3380 750 3427 etc.
789 3394 840 3443 p.
879 3380 929 3428 9.

295 3479 334 3544 ²)
368 3482 491 3546 Ipse
519 3473 895 3530 Callimachus
934 3479 1084 3530 aetia
1120 3493 1219 3528 sua
1257 3478 1493 3544 elegos
1530 3441 1859 3544 simpliciter
1893 3478 2033 3528 dixit
2059 3479 2117 3528 in
2143 3495 2207 3530 eo
2233 3479 2386 3528 disti-

187 3563 296 3642 cho,
330 3582 431 3630 quo
465 3565 630 3614 finem
667 3565 808 3614 fecit
845 3578 1160 3614 caussarum
1200 3565 1471 3628 prooemi,
1522 3563 1625 3626 frg.
1666 3564 1759 3612 121
1800 3561 1979 3626 (Pind.
2019 3565 2193 3616 schol.
2228 3566 2388 3616 Nem.

182 3646 245 3697 IV
278 3651 350 3714 10,
389 3651 461 3701 cf.
498 3664 646 3698 nunc
670 3647 950 3712 Tychonis
973 3648 1295 3716 Mommeqni
1331 3648 1507 3698 schol.
1536 3647 1792 3698 German.
1832 3649 1889 3696 in
1914 3649 2069 3701 Pind.
2096 3649 2183 3702 01.
2209 3667 2261 3714 p.
2286 3649 2385 3711 X)=

527 3743 723 3800 ἕλλατε
759 3747 884 3812 νῦν,
925 3741 1166 3814 ἔλέγοισι
1205 3737 1264 3799 δ’
1303 3739 1665 3812 ἐνιψήσασθε
1701 3745 1948 3808 λιπαίσας

594 3837 788 3900 χεῖρας
825 3827 1013 3899 ἐμοῖς,
1055 3830 1154 3884 ἵνα
1192 3827 1265 3898 δὴ
1302 3825 1486 3892 πουλὺ
1523 3826 1767 3897 μένωσιν
1806 3827 1946 3893 ἔτος.

177 3949 234 3984 ac
264 3936 396 3987 vidit
432 3936 544 3986 iam
579 3936 872 3988 Heckerus
909 3951 1098 3996 comm.
1139 3933 1278 3984 Call.
1317 3951 1369 3999 p.
1411 3935 1475 3984 53
1520 3933 1619 3984 hos
1664 3949 1855 3984 versus
1902 3934 1972 3984 ad
2018 3936 2180 3996 aetia¹
2216 3936 2383 4000 perti-

173 4033 305 4070 nere.
341 4047 407 4058 ·—-
444 4023 687 4070 ceterum
724 4021 868 4071 idem
903 4020 939 4070 l.
969 4036 1016 4070 e.
1053 4037 1105 4084 p.
1134 4020 1230 4069 143
1267 4018 1373 4082 frg.
1400 4019 1466 4067 67
1512 4018 1689 4066 iunxit
1734 4034 1857 4068 cum
1891 4017 2222 4069 Callimachi
2266 4035 2385 4070 ver-

171 4101 245 4153 bis
280 4104 423 4170 apud
447 4105 703 4170 Apollon.
740 4105 808 4155 de
843 4119 997 4170 pron.
1035 4121 1088 4168 p.
1115 4105 1214 4153 399
1253 4092 1320 4152 ἑοὶ
1356 4116 1444 4151 τοι
1482 4094 1668 4166 κήδεα
1704 4096 1885 4165 λέξον.
1937 4103 2080 4167 quod
2116 4103 2185 4152 ob
2211 4103 2311 4153 illa
2346 4091 2387 4168 ἥ

170 4173 251 4236 ὅτε
283 4191 504 4254 κωφαῖς
543 4205 592 4239 e.
631 4204 684 4254 q.
721 4203 766 4240 e.
837 4188 971 4238 ferri
1015 4203 1122 4237 non
1167 4201 1327 4251 posse
1364 4186 1423 4234 in
1460 4187 1649 4238 oculos
1684 4187 1930 4239 incurrit.
2002 4192 2297 4254 praeterea
2332 4203 2381 4240 v.

171 4269 486 4324 Meinekium
523 4273 597 4324 ad
633 4272 854 4324 Gallim.
888 4289 941 4337 p.
983 4273 1079 4323 143
1115 4287 1194 4336 sq.
