2917 4992
1367 395 1450 404 —-
1544 360 1834 423 130-

480 530 726 610 πραεῖα·
786 522 858 589 οῦ
905 525 970 590 σὲ
1010 523 1154 610 γάρ,
1199 520 1352 590 ἄλλα
1401 519 1508 590 τὸν
1552 523 1732 590 δόντα
1776 533 1879 609 τῆς
1926 528 2229 610 ἐπιορκίας
2270 524 2381 610 τὴν
2424 526 2740 613 πρόφασιν

485 627 818 711 κολαστέον.
881 623 1232 748 μαθήσομαι
1269 621 1460 709 μόνον
1502 630 1579 704 ὥς
1612 629 1925 748 μεμέληκέ
1944 649 2037 692 σοι
2071 635 2189 692 τῶν
2230 629 2591 713 γραμμάτων
2626 631 2738 693 καὶ

486 736 592 792 τοῦ
623 735 733 793 σοῦ
762 727 1096 826 πρηστῆρος
1137 724 1248 812 τὴν
1291 726 1438 811 έμὴν
1470 725 1673 812 ψυχὴν
1713 725 2103 793 ἀπαλλάττων
2133 722 2240 812 σύχ
2274 723 2448 812 ἦττον
2484 735 2741 814 αἵματος

488 824 796 912 αφειδήσω
825 837 930 894 τοῦ
958 828 1241 915 ἡμετέρου
1269 826 1420 914 ἥπερ
1447 827 1665 935 ὕδατος
1696 834 1825 913 εἰκῆ
1851 832 2143 914 χεομένου.
2204 827 2362 913 αλλ’,
2379 859 2442 896 ω
2476 836 2740 913 φίλτατα

427 945 457 994 5
491 935 735 1016 δένδρα,
775 939 893 995 τῶν
937 929 1282 1015 ἡδυφῶνων
1311 923 1595 1056 ορνίθωνγ
1613 927 1676 997 οἷ
1696 939 1924 1014 θῶκοι,
1967 960 2085 1030 αρα
2116 929 2234 996 κᾶν
2260 930 2405 1014 ὑμῖν
2438 936 2597 998 ε’στιν
2629 925 2741 998 οὗ·

487 1061 582 1110 τος
612 1060 643 1098 ο
673 1035 854 1119 ἔρως,
902 1036 1002 1098 καὶ
1030 1037 1235 1109 πίτυος
1261 1034 1438 1116 τυχὸν
1475 1027 1721 1119 ἠρασθη
1738 1060 2121 1155 Ἆκυπαριττος
2150 1031 2191 1115 ἦ
2218 1032 2360 1098 αλλο
2392 1032 2583 1116 φυτὸν
2614 1038 2737 1100 ἓτέ-

488 1161 596 1216 ρου
620 1141 843 1215 φυτοῦ·
831 1184 846 1212 ,
870 1162 952 1215 μα
969 1138 1106 1213 Δία,
1132 1131 1244 1199 οῦκ
1267 1130 1566 1216 οἶμαι·ού
1589 1162 1707 1218 γαρ
1726 1129 1805 1198 ἂν
1830 1137 2272 1219 έφυλλορροεῖτε
2294 1137 2395 1199 καὶ
2418 1133 2555 1213 τοὺς
2584 1135 2740 1200 κλα-

488 1243 627 1312 δονς
660 1235 862 1322 ἅπλῶς
891 1234 932 1300 ὁ·
947 1235 1140 1313 πόθος
1163 1233 1348 1319 κόμης
1375 1235 1531 1318 ὑμᾶς
1565 1239 1664 1300 καὶ
1694 1231 1944 1320 ἆγλαΐας
1976 1239 2217 1318 έψίλου,
2250 1233 2399 1301 ἄλλα
2430 1239 2531 1301 καὶ
2562 1240 2744 1322 μέχρι

389 1322 400 1332 .
486 1341 784 1420 στελέχους
827 1364 886 1401 τε
928 1339 1030 1402 καὶ
1073 1341 1250 1420 ῥιζῶν
1282 1336 1692 1420 ύπονοστήσας
1734 1345 1818 1426 τῷ
1859 1345 2070 1422 πυρσῷ
2105 1343 2426 1403 διικνεῖτο.’
2484 1323 2743 1403 τοιαῦτα

389 1453 452 1504 10
481 1441 588 1522 μὲν
619 1434 980 1525 [Ἀκόντιος]
1023 1434 1087 1503 τὸ
1129 1443 1371 1504 παιδίον
1409 1440 1692 1523 διελέγετο
1722 1436 1869 1524 πρὸς
1913 1447 1995 1527 τῷ
2035 1435 2257 1522 σώματι
2298 1439 2744 1526 μαραινόμενος

485 1544 586 1606 καὶ
620 1538 725 1606 τὸν
753 1548 916 1605 νοῦν.
1547 1533 1555 1538 ”

661 1650 745 1730 Τῇ
781 1644 844 1706 δὲ
883 1647 1171 1731 Κυδίππη
1214 1642 1362 1750 πρὸς
1405 1644 1600 1727 ἕτερον
1642 1640 2008 1728 ηὖτρεπίζετο
2051 1642 2261 1728 γάμος·
2316 1646 2417 1708 καὶ
2468 1639 2585 1725 πρὸ
2630 1651 2743 1726 τῆς

481 1741 782 1820 παστάδος
831 1739 933 1808 τὸν
980 1739 1268 1827 ’ὑμέναιον
1319 1735 1469 1830 ᾖδον
1512 1773 1577 1809 αι
1620 1767 2050 1830 μουσικωτεραι
2087 1754 2208 1810 τῶν
2250 1747 2575 1829 παρθένων
2630 1749 2745 1809 καὶ

484 1852 806 1938 μελίφωνοι
850 1853 1021 1910 τοῦτο
1053 1840 1128 1928 δὴ
1156 1853 1448 1926 Σαπφοῦς
1482 1844 1544 1910 τὸ
1572 1843 1816 1927 ἥδιστον
1844 1851 2107 1932 φθέγμα.
2168 1841 2301 1911 ἀλλ’
2350 1845 2525 1927 α’φνω
2561 1847 2741 1911 νενό-

394 1960 452 2010 15
485 1970 665 2060 σηκεν
694 1943 732 2031 ἡ
768 1957 934 2028 παῖς,
984 1950 1086 2010 καὶ
1126 1943 1273 2032 πρὸς
1303 1945 1571 2031 ἐκφορὰν
1614 1944 1747 2012 ἀντὶ
1778 1955 2208 2034 νυμφαγωγίας
2242 1953 2305 2012 οι
2329 1949 2588 2027 τεκόντες
2624 1948 2741 2014 ἓω-

488 2053 627 2134 ρων.
689 2047 813 2113 εἶτα
844 2047 1192 2134 παραδόξως
1221 2044 1545 2131 ἀνέσφηλε,
1592 2051 1691 2113 καὶ
1727 2046 2052 2135 δεύτερον“
2028 2078 2061 2117 ο
2096 2049 2368 2133 θαλαμος
2397 2052 2739 2133 ἐκοσμεῖτο·

485 2154 586 2216 καὶ
622 2150 814 2235 ὥσπερ
852 2147 971 2215 ἀπὸ
1016 2147 1397 2232 συνθήματος
1429 2157 1530 2232 τῆς
1568 2149 1760 2234 Τύχης
1802 2143 1984 2230 αὖθις
2016 2149 2219 2220 ἐνόσει.
2286 2158 2481 2234 τρίτον
2510 2147 2741 2234 ὁμοίως

485 2251 668 2318 ταῦτὰ
701 2255 1036 2336 συμβέβηκε
1064 2251 1136 2336 τῇ
1162 2256 1347 2316 παιδί.
1399 2246 1430 2314 ὃ
1466 2253 1531 2316 δὲ
1558 2248 1757 2336 πατὴρ
1780 2252 2059 2337 τετάρτην
2086 2249 2199 2318 οῦκ
2228 2248 2492 2337 ἆνέμεινε
2519 2250 2711 2318 νόσον
2728 2281 2741 2293 ·

487 2349 621 2418 ἄλλ’
662 2354 917 2418 ἐπύθετο
967 2363 1074 2416 τοῦ
1119 2357 1398 2434 Πυθίου,
1449 2357 1537 2429 τίς
1584 2351 1700 2439 ἄρα
1742 2363 1904 2419 θεῶν
1946 2343 2049 2420 τόν
2088 2353 2281 2439 γάμον
2324 2357 2619 2436 ἐμποδίζει
2663 2365 2746 2442 τῇ

387 2465 456 2519 20
487 2456 656 2543 κόρῃ.
715 2453 748 2519 ὁ
783 2455 847 2518 δὲ
874 2450 1183 2519 Ἀπόλλων
1215 2453 1412 2518 πάντα
1447 2463 1652 2536 σαφῶς
1690 2456 1793 2522 τὸν
1832 2460 2056 2541 πατέρα
2099 2453 2393 2538 διδάσκει,
2432 2455 2536 2521 τὸν
2570 2459 2746 2539 νέον,

622 2782 674 2817 v.
700 2769 732 2815 2
769 2759 1092 2830 μεμέληκας
1118 2764 1309 2830 codex,
1346 2759 1632 2830 μεμέληκέ
1658 2779 1746 2816 σοι
1774 2765 2015 2816 Cobetus
2039 2765 2077 2815 1.
2106 2782 2153 2815 c.
2179 2783 2232 2831 p.
2262 2767 2376 2816 153.
2404 2793 2468 2802 —-
2503 2782 2554 2816 v.
2584 2770 2618 2816 3
2655 2768 2740 2816 cf.

487 2867 627 2914 quae
673 2851 952 2914 disputavi
998 2866 1050 2914 p.
1089 2851 1172 2901 87.
1244 2840 1647 2902 οἷνταλλοίττων
1691 2850 1997 2900 Dorvillius
2045 2852 2165 2900 crit.
2204 2857 2365 2900 vanu.
2406 2868 2460 2914 p.
2497 2851 2616 2902 606.
2662 2877 2741 2887 -—

484 2951 535 2987 V.
572 2937 608 2984 4
653 2931 816 2998 εἴπερ
855 2934 1055 2998 codex,
1112 2923 1262 2999 ἥπερ
1307 2935 1607 2984 MerceruS.
1632 2960 1722 2970 ·—
1764 2953 1815 2984 v.
1855 2936 1887 2984 5
1932 2922 2044 2985 κᾶν
2080 2927 2144 2984 ἐν
2178 2927 2319 3000 ύμῖν
2356 2935 2559 2994 codex,
2618 2923 2741 2985 κᾶν

481 3010 625 3084 ύμῖν
659 3018 750 3070 vel
796 3014 895 3069 καὶ
942 3010 1005 3069 ἐν
1036 3009 1191 3082 ’ύμῖν
1217 3019 1509 3070 'Pauwius.
1548 3036 1711 3088 —„v.
1754 3021 1784 3069 7
1816 3011 1899 3069 ού
1945 3011 2054 3083 γάρ
2103 3011 2503 3084 έφυλλοροεῑτε
2551 3020 2740 3070 codex

486 3103 661 3154 altero
700 3120 731 3167 ρ
770 3104 840 3153 ab
889 3103 1084 3153 eadem
1131 3119 1296 3153 manu
1332 3120 1499 3170 supra
1535 3105 1772 3169 scripto,
1820 3094 1888 3153 ού
1925 3097 2033 3168 γὰρ
2070 3095 2506 3169 έφυλλορροεῑτε
2542 3101 2741 3169 μόνον

484 3189 591 3241 καί
620 3189 884 3238 Reiskius
907 3188 944 3242 l.
975 3205 1022 3238 c.
1083 3179 1158 3238 ἄν
1195 3189 1427 3251 inseruit
1464 3187 1801 3238 Hercherus.
1841 3215 1903 3223 -
1948 3207 2000 3241 v.
2035 3191 2067 3238 8
2103 3181 2283 3254 κόμης
2320 3179 2466 3256 ὁμοῦ
2499 3189 2741 3240 Bastius

483 3266 898 3324 Boissonadi'us.
961 3272 1162 3324 falsum
1201 3279 1386 3324 autem
1423 3277 1508 3324 est
1544 3274 1687 3338 quod
1716 3261 2344 3323 Boisso'nadius'Bastio
2381 3264 2611 3323 aucto're
2650 3275 2743 3324 di-

487 3360 590 3420 cit,
642 3359 890 3408 codicem
935 3359 1004 3407 ab
1043 3357 1224 3408 altera
1261 3373 1426 3407 manu
1464 3349 1609 3423 ὁμοῦ
1644 3358 1869 3407 habere.
1930 3356 2070 3407 nihil
2109 3358 2254 3406 eiiim
2291 3351 2573 3422 cdmpassfet
2611 3359 2744 3408 co'r-

485 3442 769 3492 rection‘is.
852 3433 881 3490 ὁ
920 3433 1109 3502 π’όθος
1148 3435 1320 3493 ἐσύλα
1355 3443 1644 3492 Iacobsius
1679 3440 1881 3492 Achill.
1918 3425 2268 3506 Tat.“p.‘'481
2308 3441 2377 3492 aid
2412 3459 2469 3506 p.
2505 3445 2603 3506 23,
2648 3445 2741 3502 15,

483 3527 542 3575 in
588 3527 784 3590 quibus
828 3518 1008 3592 κόμης
1055 3531 1185 3576 ante
1225 3518 1398 3576 ἐσύλα
1435 3542 1571 3576 casu
1608 3526 1862 3576 omissum
1901 3521 2001 3576 est.
2074 3523 2311 3576 fot-‘tasse
2346 3517 2499 3591 ὑμᾶς
2534 3527 2737 3577 delen-

485 3611 627 3660 dum.
665 3637 730 3645 --
766 3611 816 3661 ἢ.
857 3613 888 3660 9
919 3611 1150 3674 fortasse
1185 3603 1584 3676 ῦπονομεύσας
1621 3609 1697 3674 τῷ
1732 3609 1926 3675 πυρσῷ
1960 3607 2249 3666 Iacobsius
2285 3611 2321 3660 l.
2362 3627 2409 3660 c.
2458 3638 2522 3646 —-
2570 3628 2624 3661 v.
2670 3616 2742 3662 10

478 3687 753 3752 Ἀκόντιος
802 3694 1242 3745 delet“'Cobetus
1277 3695 1314 3744 l.
1356 3712 1402 3746 c.
1473 3710 1638 3760 supra
1687 3687 1829 3758 πρός
1879 3711 1912 3745 a
1958 3695 2203 3744 secunda
2249 3711 2414 3745 manu
2458 3695 2740 3760 scriptum

483 3774 610 3832 σύν.
657 3807 722 3816 -
768 3795 820 3830 v.
862 3780 925 3828 14
960 3779 1362 3846 μείλιχίφωνοι
1399 3779 1601 3842 codex,
1650 3772 2061 3845 μειλιχόφωνοι
2096 3779 2405 3843 Mercerus,
2452 3777 2742 3846 μειλιχιόὲ

485 3870 669 3927 φωνοι
704 3863 1042 3914 Abreschius'
1075 3864 1312 3914 virorum
1352 3864 1565 3930 aliquot
1591 3869 1699 3914 etc.
1740 3881 1793 3929 p.
1821 3865 1904 3928 11,
1942 3862 2259 3928 μελίφωνοι
2284 3863 2575 3914 Iacobsius
2596 3863 2740 3914 Phi-

482 3948 639 4001 lostr.
683 3950 887 4014 imagg.
938 3951 1140 4014 p.“·407
1186 3951 1258 4000 ad
1303 3967 1356 4014 p.
1405 3950 1497 4010 54,
1555 3951 1586 3999 9
1637 3964 1665 3998 e
1708 3947 2066 4000 Philostrato,
2146 3953 2442 4013 praeterea
2497 3939 2563 3998 τὸ
2610 3941 2740 4014 ἦδῦ

483 4027 874 4098 πρόσφθεγμα
907 4033 1051 4082 ideni
1079 4049 1108 4082 e
1133 4033 1492 4084 Philostrato,
1540 4027 1931 4098 πρόσφθεγμα
1956 4038 2013 4082 et
2035 4032 2451 4085 Boisso'xiadiuS.
2480 4033 2554 4083 'v.
2584 4030 2741 4098 ‘quae

483 4118 764 4182 disputavi
799 4135 849 4182 p.
887 4119 952 4168 89
979 4133 1058 4183 sq.
1110 4146 1170 4154 -
1218 4135 1268 4169 v.
1311 4119 1374 4166 16
1423 4109 1699 4184 ἐνέσφηλε
1737 4118 1935 4182 codex,
1993 4108 2282 4184 οἷνέσφηλε
2316 4116 2625 4171 MerceruS.
2671 4147 2739 4156 -—

483 4218 535 4250 v,
564 4203 626 4251 17
663 4201 762 4266 τῆς
795 4201 986 4266 ψυχῆς
1023 4203 1213 4266 codeX,
1252 4201 1356 4268 τῆς
1386 4196 1562 4268 τύχης
1595 4205 1903 4269 Mercerus,
1940 4200 2041 4268 τῆς
2070 4195 2262 4268 Τύχης
2297 4201 2646 4253 Hel-cherua.
2669 4231 2738 4244 —

483 4299 534 4334 v.
576 4286 638 4334 18
674 4283 854 4334 ταῦτα
892 4287 1090 4350 codex,
1129 4288 1327 4352 scripsi
1362 4277 1567 4338 ταῦτα’.
