2917 4992
1315 357 1401 368 --
1477 317 1613 382 ‘138
1698 355 1875 385 -.

469 506 531 557 15
578 496 806 575 quique
850 494 979 552 fuit·
1009 512 1339 573 numquam
1381 511 1640 571 parVuS,
1688 511 1854 550 nunc
1897 499 2175 571 tempore
2218 493 2409 570 longo

663 604 724 654 et
768 615 907 674 spe,
959 615 1139 674 quam
1186 589 1448 652 dederas
1494 602 1560 651 tu
1604 593 1781 666 mihi,
1830 595 2023 651 erevit
2068 613 2255 652 amor.

576 717 751 776 spem
793 697 943 754 mihi
983 705 1052 754 tu
1097 695 1390 767 dederas,
1436 714 1606 754 meus
1652 695 1751 753 hic
1794 693 1907 753 tibi
1953 693 2220 754 credidit
2265 694 2476 754 ardor:

661 819 789 858 non
834 805 1014 876 potes
1060 798 1177 856 hoc
1221 797 1446 854 factum
1492 803 1650 854 teste
1695 815 1929 873 negare
1978 795 2114 855 dea.

577 899 775 958 adfuit
820 908 882 958 et
924 918 1225 978 praesens
1269 906 1336 957 ut
1383 905 1514 956 erat
1556 905 1663 956 tua
1705 896 1899 956 verba
1942 899 2183 956 notavit

464 1009 534 1063 20
664 1010 724 1059 et
765 1002 958 1060 visast
1002 989 1165 1059 mota
1210 999 1372 1058 dicta
1414 999 1628 1058 tulisse
1675 987 1865 1058 coma.
2092 1003 2096 1010 ’

579 1103 905 1180 deceptam
951 1101 1119 1161 dicas
1164 1109 1376 1160 nostra
1419 1109 1483 1159 te
1529 1099 1748 1160 fraude
1792 1099 2033 1174 licebit,

665 1203 807 1262 dum
852 1203 1086 1263 fraudis
1133 1210 1381 1265 nostrae
1427 1222 1612 1261 causa
1656 1203 1891 1260 feratur
1936 1221 2121 1261 amor.

581 1301 768 1384 [fraus
812 1325 950 1363 mea
996 1303 1144 1384 quid
1189 1303 1398 1382 petiit,
1446 1305 1567 1363 nisi
1610 1305 1701 1362 uti
1742 1302 1855 1362 tibi
1899 1303 2191 1380 iungerer
2234 1304 2387 1363 uni?

661 1405 728 1464 id
771 1426 898 1478 me,
949 1405 1114 1485 quod
1161 1405 1469 1484 quereris,
1517 1406 1846 1464 conciliare
1890 1402 2141 1484 potest]

466 1514 532 1566 25
578 1527 705 1566 non
753 1527 867 1584 ego
916 1518 1134 1565 natura
1177 1526 1295 1565 nec
1339 1526 1471 1565 sum
1514 1515 1640 1566 tam
1684 1506 1943 1565 callidus
1987 1527 2133 1565 usu:

659 1608 950 1668 solertem
993 1616 1060 1666 tu
1102 1627 1230 1681 me,
1280 1607 1497 1681 crede,
1546 1610 1783 1687 puella,
1832 1607 2008 1666 facis.

569 1717 636 1769 te
679 1711 826 1769 mihi
872 1709 1238 1789 conpositis,
1293 1711 1345 1769 si
1392 1709 1541 1789 quid
1585 1718 1793 1768 tamen
1842 1710 2105 1787 egimuS,
2155 1718 2285 1769 arte

661 1811 990 1871 adstrinxit
1032 1811 1238 1870 verbis
1283 1812 1646 1888 ingeniosus
1691 1811 1898 1869 Amor.

579 1912 821 1972 dictatis
868 1912 943 1970 ab
992 1932 1063 1971 eo
1111 1913 1232 1971 feei
1277 1913 1597 1991 sponsalia
1639 1911 1877 1986 verbiS,

461 2022 532 2075 30
661 2013 1064 2093 consultoque
1110 2014 1197 2073 fui
1242 2015 1388 2072 iuris
1433 2013 1663 2072 Amore
1707 2013 1903 2073 vafer.

575 2117 655 2175 sit
699 2116 864 2174 fraus
909 2115 1050 2174 huic
1094 2117 1256 2175 facto
1304 2135 1530 2174 nomen
1580 2115 1871 2194 dicarque
1920 2115 2200 2189 dolosuS,

659 2217 712 2275 si
756 2224 964 2275 tamen
1012 2226 1105 2276 est
1151 2217 1317 2297 quod
1367 2237 1533 2276 ames
1564 2217 1743 2282 ,velle
1788 2225 2008 2276 tenere
2059 2217 2253 2277 dolus,

811 2345 842 2366 Q

568 2585 618 2621 v.
660 2572 722 2620 15
759 2587 1006 2635 nonquam
1045 2569 1117 2633 G,
1157 2586 1249 2620 nec
1285 2577 1511 2634 tempore
1545 2570 1590 2618 P
1613 2571 1640 2618 1
1680 2569 1727 2620 G
1762 2571 1829 2620 L.
1868 2596 1932 2606 —-
1976 2587 2027 2621 v.
2075 2571 2137 2619 16
2174 2579 2225 2620 et
2257 2587 2381 2636 spes
2416 2573 2529 2635 Pl,
2582 2576 2690 2638 qui

433 2713 467 2746 a
503 2697 680 2762 prima
717 2711 882 2746 manu
916 2696 1164 2748 habebat
1199 2705 1250 2747 et
1283 2712 1376 2760 spe
1412 2696 1458 2744 L
1497 2696 1550 2758 S,
1591 2713 1661 2746 ex
1694 2712 1787 2760 spe
1826 2695 1875 2745 G
1898 2696 1944 2744 L
1968 2658 2321 2770 P2.ore1}it
2345 2701 2450 2762 Ρ1,
2488 2705 2692 2752 crescit

431 2781 476 2830 L
515 2781 573 2831 S.
647 2781 694 2830 G
729 2782 916 2830 omisit
949 2781 1122 2831 verba
1161 2789 1212 2831 tu
1246 2782 1364 2830 milli
1397 2807 1463 2816 —
1500 2783 1748 2840 dederas,
1800 2781 1999 2830 deinde
2036 2783 2318 2832 recentior
2351 2799 2421 2833 m.
2464 2783 2685 2835 adscri-

430 2865 542 2930 psit
567 2873 618 2914 tu
641 2866 760 2914 mihi
781 2869 968 2916 erescit
989 2882 1146 2924 amor,
1165 2882 1306 2930 spem
1328 2865 1446 2915 mihi
1469 2873 1522 2915 tu
1546 2867 1767 2916 dederas
1788 2881 1941 2916 meus.
1961 2891 2029 2902 —
2046 2882 2098 2916 v.
2122 2867 2184 2916 17
2210 2868 2303 2944 tibi
2325 2867 2509 2918 omisit
2526 2869 2593 2918 L.
2611 2897 2687 2906 ——

430 3008 482 3044 v.
522 2993 584 3040 18
630 2957 725 3041 732¹}
763 2998 916 3055 potes
960 2991 1005 3039 P
1033 2995 1081 3044 2.
1135 3019 1198 3026 —
1251 3009 1306 3043 v,
1344 2994 1406 3042 19
1451 2948 1607 3060 αῗίιιίι
1651 2992 1777 3054 Ρ1,
1825 2993 1980 3056 affuit
2014 2993 2207 3044 ceteri.
2278 2953 2518 3044 uter-affuit
2561 2995 2680 3048 P1.

431 3103 496 3111 —
531 3092 582 3126 v.
619 3077 686 3126 20
722 3083 926 3126 notasse
962 3076 1070 3126 Ρ2,
1129 3076 1220 3126 hic
1255 3091 1306 3126 v.
1345 3078 1593 3141 graviter
1628 3077 1993 3141 interpolatus
2027 3077 2263 3127 videtur.
2334 3078 2411 3128 cf.
2451 3078 2581 3129 fast.
2622 3081 2681 3128 ΙΙ

430 3163 560 3224 846,
597 3164 727 3210 met.
765 3160 846 3210 IX
883 3162 980 3210 261
1009 3165 1121 3211 etc.
1191 3161 1380 3211 forsan
1415 3165 1579 3226 poeta
1616 3163 1697 3211 ita
1736 3162 1852 3210 fere
1890 3161 2217 3226 scripserat:
2256 3170 2307 3212 et
2340 3165 2497 3212 visast
2531 3173 2671 3214 motu

429 3244 598 3311 (nutu)
632 3250 780 3311 signa
811 3247 1014 3298 dedisse
1048 3246 1196 3296 bona.
1249 3247 1326 3296 cf.
1364 3261 1534 3296 amor.
1570 3247 1655 3296 III
1679 3249 1730 3310 2,
1767 3247 1850 3307 58,
1890 3261 1978 3310 ep.
2012 3247 2118 3297 VII
2151 3249 2232 3298 96.
2288 3249 2433 3312 siqua
2466 3249 2677 3298 dedisse

429 3373 544 3421 iam
570 3371 1079 3440 Sliohtenhorstius.
1103 3398 1170 3408 -
1194 3388 1244 3423 v.
1271 3374 1334 3421 21
1361 3333 1752 3437 nostrauf'raude
1776 3373 1944 3422 licebit
1965 3372 2010 3420 P
2027 3374 2071 3434 1,
2112 3373 2285 3422 licebit
2320 3390 2353 3424 a
2378 3389 2489 3424 sec.
2518 3391 2589 3424 m.
2620 3375 2681 3424 in

429 3470 637 3505 rasura.
666 3481 732 3490 -
767 3472 819 3506 v.
847 3459 911 3505 22
946 3459 1022 3506 sio
1051 3458 1260 3519 fraudis
1288 3458 1350 3508 G.
1377 3485 1445 3492 —
1480 3475 1531 3508 v.
1560 3461 1625 3508 23
1659 3457 1763 3507 hoc
1802 3457 2079 3507 distichon
2116 3461 2213 3506 aut
2247 3457 2412 3508 valde
2449 3460 2679 3508 mendo-

428 3598 546 3633 sum
584 3587 680 3632 aut
715 3583 958 3647 spurium
991 3582 1266 3634 iudicavit
1309 3583 1376 3636 N.
1412 3583 1692 3634 Heinsius,
1765 3540 1983 3649 qugpetist
2017 3585 2117 3632 nisi
2146 3591 2201 3632 ut
2236 3583 2353 3646 Pl,
2404 3587 2505 3634 nisi
2538 3589 2687 3652 quod

431 3669 478 3718 G
501 3667 548 3716 L
573 3668 694 3729 Ρ2,
731 3669 833 3718 nisi
865 3669 943 3716 uti
977 3666 1189 3732 aliquot
1222 3668 1355 3717 libri
1391 3673 1448 3718 et
1484 3668 1775 3718 editiones,
1813 3693 1881 3704 -—
1916 3684 1969 3721 v.
1993 3669 2059 3718 24
2094 3669 2397 3718 consciliare
2428 3675 2582 3732 potes
2620 3671 2679 3732 S,

421 3759 574 3816 potes
597 3752 684 3802 Ρ2
709 3752 816 3804 L1.
847 3777 910 3785 -
945 3769 997 3801 v.
1025 3753 1091 3802 25
1127 3769 1228 3803 non
1261 3769 1366 3803 sum
1402 3759 1503 3802 tam
1535 3753 1581 3802 L
1604 3754 1651 3802 2.
1702 3754 1897 3802 calidus
1931 3753 2023 3802 L2
2060 3751 2095 3801 8
2136 3756 2193 3801 et
2226 3755 2421 3803 calidus
2456 3769 2580 3804 usus
2618 3756 2680 3804 in

424 3839 638 3886 callidus
661 3853 756 3886 usu
782 3841 1090 3886 correctum
1114 3837 1219 3890 Pl.
1245 3865 1311 3872 —-
1345 3853 1398 3887 v.
1425 3838 1491 3885 26
1525 3837 1764 3887 solertiam
1786 3837 1891 3900 Pl,
1930 3840 2183 3887 sollertem
2208 3837 2400 3886 ceteri.
2423 3861 2493 3875 -—
2527 3855 2581 3887 v.
2610 3841 2679 3890 27

425 3923 716 3986 compositis
750 3920 897 3974 libri.
969 3937 1003 3970 a
1036 3938 1111 3970 me
1146 3922 1254 3985 Pl,
1293 3929 1406 3972 arte
1446 3922 1495 3972 G
1517 3922 1565 3971 L
1590 3921 1678 3972 Ρ2
1704 3921 1753 3972 8.
1817 3921 1893 3970 cf.
1921 3935 2063 3986 quae
2090 3920 2157 3970 de
2182 3919 2287 3970 hoc
2312 3937 2363 3971 v.
2392 3921 2681 3988 disputavi

424 4020 486 4069 ρ..
514 4007 578 4054 61
616 4021 696 4070 sq.
734 4021 786 4055 n.
829 4007 875 4054 1.
918 4033 978 4042 -
1026 4022 1079 4058 v.
1115 4007 1180 4056 28
1217 4009 1469 4056 adstrioeit
1501 4007 1613 4069 Pl,
1664 4007 1912 4056 astrinxit
1948 4003 1997 4054 G
2030 4005 2149 4067 P2,
2196 4007 2432 4056 astrinsit
2463 4007 2543 4069 L,
2574 4009 2680 4082 *ab-

426 4133 642 4181 strinoeit
686 4131 743 4182 S.
792 4157 859 4167 -
905 4149 952 4184 v,
991 4135 1058 4183 30
1103 4139 1495 4198 consumptoque
1531 4132 1617 4180 Pl
1656 4132 1702 4180 L
1741 4131 1805 4196 S,
1864 4088 2254 4209 comzssisstoque
2278 4131 2407 4193 -Ρ2,
2446 4149 2679 4184 eonsum-

341 4225 358 4246 ’
427 4261 578 4320 toque
616 4255 682 4318 G,
721 4259 1048 4322 consultoque
1083 4259 1129 4308 L
1165 4259 1270 4309 Ρ2,
1337 4260 1490 4322 faver
1529 4257 1594 4308 G.
1632 4285 1699 4293 —-
1735 4274 1784 4308 v.
1822 4261 1886 4308 32
1924 4271 2063 4308 amas
2100 4257 2154 4308 8.
2226 4223 2385 4310 dolgs'
2412 4259 2476 4309 G.
