2917 4992
1077 369 1547 433 -115—

193 547 398 605 colore
447 554 510 604 et
552 544 936 623 praestantia
977 544 1261 603 eniteret.
1322 562 1395 601 ac
1424 542 1619 622 primo
1665 542 1801 602 loco
1835 543 2430 602 commemorandum

197 656 288 706 est
315 647 567 708 Solonis
613 653 1012 727 praeceptum
1042 645 1206 706 Plut.
1253 645 1498 721 coniug.
1545 663 1751 724 praec.
1788 655 1846 706 1:
1891 633 1923 702 ὃ
1970 640 2179 703 Σόλων
2208 639 2432 703 ἐκέλευε

194 739 304 824 τὴν
346 741 600 824 νύμφην
642 745 729 828 τῷ
771 745 1014 829 νυμφίω
1055 743 1634 823 συγκατακλίνεσθαι
1678 736 1867 822 μήλου
1896 743 2210 805 Κυδωνίου
2255 767 2431 805 κατα-

195 847 554 927 τραγοῦσαν,
599 841 1001 924 αἰνιττόμενος
1035 837 1112 918 ὧς
1143 843 1368 922 ἔοικεν,
1415 837 1505 904 ότι
1554 844 1647 905 δεῖ
1686 836 1797 924 τὴν
1840 835 1959 906 ἆπὸ
2002 845 2285 932 στόματος
2329 845 2431 906 καὶ

195 950 403 1025 φωνῆς
469 971 646 1027 χαριν
704 937 1068 1028 εὐάρμοστον
1132 940 1284 1007 εἶναι
1351 942 1595 1025 πρώτην
1660 971 1763 1008 και
1826 939 2051 1025 ἡδεῖαν.
2139 950 2432 1034 idemque

197 1061 458 1131 quaestt.
493 1053 670 1112 Rom.
702 1061 800 1114 65.
845 1038 884 1126 ἢ
930 1043 1214 1129 καθάπερ
1257 1040 1290 1110 ὃ
1335 1044 1546 1110 Σόλων
1592 1047 1837 1130 ἔγραψε,
1882 1044 2075 1128 μήλου
2120 1050 2435 1112 Κυδωνίου

193 1142 298 1229 τὴν
355 1145 605 1228 νύμφην
669 1148 1068 1232 ἐντραγοῦσαν
1103 1151 1214 1223 εἰς
1279 1148 1382 1211 τὸν
1447 1144 1725 1230 θαλαμον
1781 1149 2081 1230 βαδίζειν,
2150 1173 2310 1224 οπως
2368 1149 2433 1212 τὸ

193 1253 430 1330 πρῶτον
475 1243 752 1330 ἄσπασμα
795 1243 877 1330 μὴ
921 1249 1191 1332 δυσχερὲς
1234 1251 1474 1333 γένηται
1518 1245 1659 1332 μηδ’
1718 1243 2053 1330 ἀχάριστον.
2143 1255 2219 1314 cf.
2282 1275 2429 1314 eun-

198 1354 337 1413 dem
383 1355 512 1415 Sol.
557 1363 646 1416 20.
732 1356 957 1415 malum
1001 1376 1039 1414 a
1081 1376 1312 1436 sponso
1359 1365 1510 1437 puta
1554 1375 1824 1436 sponsae
1870 1365 2215 1435 porrectum
2262 1357 2430 1437 quod

196 1454 552 1515 comederet
595 1455 672 1514 ab
716 1456 825 1516 illo
872 1457 1138 1518 fortasse
1185 1466 1374 1516 antea
1417 1467 1743 1536 gustatum.
1834 1457 2117 1516 nimirum
2162 1458 2309 1519 Solo
2358 1479 2433 1518 ea

194 1576 446 1636 quoque
490 1558 556 1615 in
599 1577 668 1616 re
711 1577 940 1617 morem
985 1559 1154 1638 apud
1197 1559 1496 1638 populum
1539 1560 1660 1618 iam
1704 1559 2021 1638 vigentem
2066 1568 2129 1618 et
2168 1561 2431 1641 antiqui-

190 1668 290 1718 tus
337 1658 648 1738 proditum
691 1659 834 1737 lege
877 1661 1102 1719 sanxit.
1165 1659 1331 1740 quod
1363 1661 1415 1719 si
1444 1660 1760 1720 Beckerus
1794 1658 2068 1719 Charikl.
2100 1661 2205 1720 III
2234 1683 2295 1740 p.
2328 1670 2426 1723 311

190 1758 601 1837 pervidisset,
659 1760 814 1820 illud
868 1769 1268 1841 praeceptum
1321 1762 1521 1821 minus
1582 1769 1746 1821 esset
1806 1760 2156 1820 demiratus.
2246 1763 2429 1821 moris

190 1869 402 1920 autem
443 1862 1022 1941 interpretationem
1069 1882 1106 1920 a
1135 1863 1463 1921 Plutarcho
1510 1861 1861 1922 adiunctam
1906 1861 2089 1921 nihili
2135 1881 2271 1922 esse
2319 1862 2425 1921 du-

191 1961 488 2036 cendam,
549 1963 652 2022 vix
697 1983 850 2042 opus
899 1971 992 2023 est
1033 1971 1102 2023 ut
1141 1983 1444 2022 moneam.
1520 1983 1591 2022 ac
1636 1963 1889 2042 dignum
1934 1973 2270 2023 memoratu
2316 1973 2427 2037 est,

191 2063 367 2143 quod
397 2063 565 2122 idem
595 2065 727 2124 fere
759 2085 1072 2145 pomorum
1104 2065 1398 2145 nuptialis
1429 2085 1575 2124 usus
1607 2073 1817 2124 nostro
1866 2084 2112 2144 quoque
2153 2069 2431 2144 tempore

187 2167 252 2224 in
316 2165 586 2224 moribus
645 2165 952 2226 fabulisve
1011 2176 1324 2246 superstes
1383 2164 1819 2226 inveniebatur
1876 2166 2041 2245 apud
2103 2165 2430 2226 Slavonios

185 2267 550 2326 Wallachos
584 2267 926 2329 Germanos
960 2263 1325 2348 aliosque.¹)
1390 2275 1453 2326 at
1483 2269 1646 2327 inter
1679 2268 1950 2328 Graecos
1985 2269 2427 2328 contineamus.

188 2369 335 2428 Iovi
379 2369 628 2448 nuptias
675 2369 1016 2429 celebranti
1061 2390 1248 2430 aurea
1291 2390 1476 2450 poma
1520 2369 1597 2428 ab
1628 2371 1871 2429 Iunone
1920 2369 2065 2428 data
2098 2379 2292 2429 erant.
2352 2371 2431 2430 cf.

186 2470 568 2550 Apollodor.
611 2471 682 2530 II
723 2481 788 2546 5,
851 2482 933 2534 ll.
1005 2471 1223 2530 eadem
1277 2473 1505 2531 Iunoni
1564 2471 1824 2532 nubenti
1880 2491 1917 2530 a
1972 2471 2169 2530 Terra
2230 2471 2435 2531 oblata

189 2573 422 2650 exigua
454 2573 799 2632 variatione
829 2573 1192 2632 Athenaeus
1218 2574 1322 2633 III
1345 2594 1408 2653 p.
1439 2582 1557 2637 830
1595 2581 1655 2632 et
1677 2572 2127 2632 Eratosthenes
2164 2581 2376 2632 catast.
2400 2583 2436 2636 3

187 2669 540 2750 narrant.²)
603 2675 946 2734 consimilia
993 2675 1071 2735 de
1105 2674 1324 2736 Cadmi
1371 2685 1433 2735 et
1462 2675 1839 2736 Harmoniae
1886 2675 2117 2753 nuptiis
2147 2675 2435 2752 leguntur

189 2775 366 2855 apud
409 2776 705 2836 Nonnum
747 2776 918 2836 XIII
961 2784 1062 2839 351
1111 2795 1250 2856 sqq.
1297 2775 1380 2834 ad
1425 2777 1675 2856 nuptias
1720 2775 1995 2834 Menelai
2042 2783 2103 2834 et
2147 2775 2433 2834 Helenae

189 2877 534 2937 Stesichori
577 2885 821 2957 spectat
863 2878 980 2957 frg.
1026 2884 1092 2940 27
1137 2878 1318 2955 ng.,
1367 2877 1535 2957 quod
1582 2897 1660 2936 ex
1704 2877 2101 2956 epithalamio
2146 2877 2436 2936 Helenae

193 2979 448 3038 ductum
494 2988 588 3040 est
609 2975 696 3056 ³):

337 3247 374 3312 ¹)
415 3247 502 3298 Cf.
527 3249 794 3300 Norkium
819 3249 908 3300 die
928 3249 1107 3301 Sitten
1131 3250 1242 3300 und
1267 3250 1631 3302 Gebraeuche
1656 3249 1754 3300 der
1770 3249 2092 3300 Deutschen
2110 3254 2216 3300 etc.
2244 3267 2297 3316 p.
2318 3248 2434 3314 198,

190 3334 506 3384 Schottium
531 3333 926 3384 wallachische
951 3334 1252 3384 Maerchen
1276 3351 1333 3400 p.
1358 3337 1439 3398 73,
1478 3334 1751 3384 Kuhnium
1779 3341 1835 3384 et
1859 3334 2253 3385 Schwartzium
2278 3335 2437 3384 nord·

190 3418 461 3468 deutsche
487 3417 688 3483 Sagen,
728 3419 1028 3470 Maerchen
1051 3420 1163 3469 und
1185 3419 1545 3470 Gebraeuche
1571 3436 1624 3485 p.
1650 3421 1767 3470 435.
1819 3419 1962 3470 ΝοοΙι
1986 3421 2128 3482 jetzt
2162 3419 2318 3470 ἠείδει
2355 3421 2438 3470 die

193 3503 366 3564 Quitte
388 3505 443 3553 in
467 3503 676 3554 Sidlien
695 3520 846 3568 pomo
871 3506 959 3554 del
979 3506 1117 3563 zitto,
1155 3507 1251 3554 der
1274 3504 1773 3569 Braeutiqamsapfel
1805 3505 2158 3570 Boettigerus
2182 3503 2259 3554 kl.
2284 3503 2437 3555 Schr.

190 3589 282 3638 III
321 3605 370 3653 p.
408 3589 494 3638 99.
568 3590 634 3638 In
677 3590 772 3640 der
817 3590 1122 3640 nordiscken
1157 3589 1292 3655 Saye
1337 3591 1493 3640 bietet
1528 3589 1761 3652 Skirner,
1811 3591 1888 3640 als
1932 3605 1989 3639 er
2030 3590 2156 3652 fuer
2192 3589 2329 3654 Frey
2362 3606 2441 3638 um

195 3673 376 3724 Ger-da
407 3674 582 3732 wir-bt,
628 3676 844 3737 yoldene
879 3673 1076 3738 Aepfel
1126 3690 1193 3724 an
1249 3674 1611 3724 Schwenkius
1648 3673 2053 3740 Andeutungen
2086 3690 2137 3739 p.
2173 3676 2291 3726 364.
2361 3674 2437 3723 cf.

191 3758 609 3808 Rassmannum
644 3756 908 3808 deutsche
944 3757 1303 3824 Heldensage
1338 3758 1396 3810 1²
1430 3776 1483 3825 p.
1523 3761 1589 3810 55
1612 3774 1729 3824 sqq.

333 3867 379 3932 ²)
419 3868 484 3918 V.
522 3867 875 3918 Welckerum
913 3866 982 3917 ad
1021 3867 1408 3919 Schwenkium
1442 3869 1848 3933 Andeutungen
1885 3885 1937 3932 p.
1976 3870 2093 3932 275,
2132 3867 2439 3918 Heffterum

193 3951 414 4002 Ztschr.
454 3952 494 4003 f.
529 3952 593 4005 A.
633 3953 764 4003 1834
799 3969 854 4018 p.
891 3954 1009 4002 679.
1085 3959 1234 4004 errat
1271 3958 1452 4004 autern
1490 3953 1775 4004 Beckerus
1815 3951 2061 4004 Charikl.
2101 3953 2186 4003 ΙΙΙ
2222 3969 2273 4018 p.
2310 3953 2436 4003 306:

204 4038 379 4087 Wenn
421 4053 536 4086 man
579 4038 854 4087 annelzmen
899 4039 1045 4101 dar-f,
1093 4041 1216 4088 dass
1261 4041 1347 4088 die
1382 4038 1741 4088 Feierlz'chkeit
1786 4039 1897 4086 eine
1945 4037 2303 4102 Nachahmuny
2348 4039 2441 4087 des

195 4114 356 4185 ἴερός
393 4113 572 4186 γάμος
607 4139 718 4172 war
755 4138 803 4172 e.
826 4137 876 4186 q.
899 4137 942 4172 s.
1003 4123 1167 4173 immo
1212 4137 1346 4172 vero
1383 4123 1605 4174 inversa
1641 4137 1729 4171 res
1766 4121 1891 4170 fuit.
1954 4137 1983 4169 e
2019 4122 2171 4170 vitae
2210 4137 2438 4171 consue-

193 4206 396 4256 tudine
431 4206 624 4256 fabula
662 4211 747 4256 est
781 4207 1156 4270 conformata,
1194 4223 1305 4258 non
1337 4206 1438 4257 illa
1478 4223 1544 4256 ex
1578 4207 1702 4256 hac.

338 4314 385 4380 ³)
422 4315 601 4367 Minus
638 4321 791 4367 recte
828 4317 1076 4368 iudicare
1112 4317 1332 4368 videtur
1359 4317 1695 4391 Gerhardius
1720 4317 1963 4369 Vasenb.
1988 4316 2015 4366 Ι
2045 4333 2096 4382 p.
2126 4318 2225 4367 130
2248 4332 2299 4366 n.
2330 4315 2441 4366 166.

1948 4399 2036 4462 8*
