2917 4992
1407 348 1828 413 —34-

507 524 587 583 ad
645 525 762 583 hoc
831 523 947 601 frg.
1009 531 1070 581 et
1125 521 1575 583 Valckenarius
1630 519 1875 580 Gallim.
1936 521 2093 597 eleg.
2154 521 2313 600 frgg.
2373 540 2435 599 p.
2494 528 2599 582 215
2664 539 2744 578 ex

504 624 900 685 Aristaeneto
947 623 1651 702 conlegerunt..etenim
1698 629 1883 702 etym.
1928 643 2005 680 m.
2054 642 2117 700 p.
2162 628 2286 695 306,
2332 629 2431 682 22:

676 715 993 800 εἰσπνήλης
1007 743 1020 756 ·
1068 715 1099 782 5
1145 716 1449 802 ἐρώμενος.
1539 721 1910 801 Καλλίμαχος

435 839 490 880 ιιι
941 823 1226 902 μέμβλετο
1272 817 1329 880 δ’
1377 817 1753 900 εἰσπνήλαις,
1798 814 2020 882 ὁππότε
2063 822 2286 901 κοῦρος
2330 821 2413 882 ἴοι

506 917 538 986 5
581 916 700 986 ὑπὸ
743 926 850 986 τοῦ
895 923 1108 1004 ἔρωτος
1153 921 1559 1001 εἰσπνεόμενος
1575 945 1589 960 ·
1637 919 2112 1002 Λακεδαιμόνιοι
2155 917 2269 1002 γὰρ
2299 923 2563 984 εἰσπνεῖν
2592 920 2747 1000 φασὶ

506 1017 572 1088 τὸ
616 1023 775 1105 ἐρᾶν.
820 1017 861 1102 ἦ
905 1021 1069 1106 παρὰ
1109 1017 1178 1086 τὸ
1223 1023 1475 1086 ἕπεσθαι
1518 1030 1640 1099 τοῖς
1682 1023 2025 1105 ἐρωμένοις·
2074 1019 2332 1102 ἐπνήλης
2374 1047 2461 1096 τις
2506 1013 2595 1084 ὢν
2639 1022 2748 1083 καὶ

505 1123 836 1206 εἰσπνήλης.

504 1234 713 1312 Etym.
758 1231 894 1291 eod.
939 1233 1147 1291 Nann.
1169 1299 1172 1302 .
1193 1230 1370 1290 addit
1412 1240 1802 1311 pentametro
1845 1230 2325 1292 hemistichium:

1333 1323 1562 1407 φωλιὸν
1605 1320 1645 1408 ἢ
1689 1330 1920 1411 λοίτρον

509 1444 572 1494 et
616 1435 888 1496 Zonaras
933 1455 998 1514 p.
1043 1443 1177 1499 6282

677 1528 1028 1613 εἰσπνήλης·
1074 1524 1107 1592 5
1151 1526 1457 1611 ἐρώμενος.
1532 1534 1901 1611 Καλλίμαχος

943 1634 1230 1714 μέμβλετο
1275 1625 1329 1692 δ’
1381 1628 1752 1710 εἰσπνήλαις,
1798 1626 2019 1694 ὅπποτε
2063 1635 2280 1708 κοῦρος
2322 1631 2409 1693 ἴοι

1025 1728 1256 1814 φωλεὸν
1300 1726 1344 1814 ἢ
1387 1729 1641 1815 λοετρόν.

511 1858 748 1934 corrige
791 1845 1046 1930 ὁππότε,
1091 1847 1194 1943 ἠέ,
1241 1850 1496 1932 λόετρον.

681 1974 885 2034 Schol.
941 1974 1206 2033 Theocr.
1264 1975 1402 2034 XII
1455 1995 1687 2053 argum.
1745 1970 1866 2032 ἔστι
1936 1969 2000 2032 δὲ
2053 1970 2353 2044 εἴσπνιλος
2408 1962 2439 2030 5
2498 1963 2755 2052 ἐραστὴς

510 2067 660 2134 κατὰ
715 2064 826 2150 τὴν
881 2074 1000 2134 τῶν
1035 2065 1407 2152 Ἀμυκλαίων
1466 2067 1789 2134 διάλεκτον.
1857 2063 2031 2154 &tvm
2077 2071 2140 2133 δὲ
2182 2065 2214 2133 5
2274 2065 2597 2152 ἐρωμενος,
2672 2063 2755 2145 ὦς

517 2174 799 2236 Θετταλοί
853 2192 1058 2250 φασιν.
1123 2179 1202 2236 ef.
1259 2179 1450 2237 schol.
1508 2179 1642 2238 XII
1700 2187 1784 2241 13.
1848 2184 1909 2236 et
1972 2186 2157 2255 etym.
2213 2197 2292 2236 m.
2364 2199 2427 2256 Ρ.
2485 2181 2588 2251 43,
2646 2187 2755 2240 31·

502 2265 731 2352 ’·Αΐτης
777 2270 810 2335 ὁ
853 2273 1172 2355 ἐρώμενος·
1218 2269 1380 2351 παρα
1422 2271 1487 2336 τὸ
1532 2268 1687 2351 άειν,
1733 2269 1767 2335 ό
1812 2273 1929 2335 ἐστι
1974 2274 2207 2336 πνέειν·
2255 2267 2288 2335 5
2320 2273 2610 2336 εἰσπνέων
2640 2267 2757 2335 τὸν

513 2376 698 2456 ἔρωτα
742 2379 827 2459 τῷ
872 2375 1102 2460 ἐραστῇ.
1189 2376 1336 2454 φασὶ
1377 2401 1494 2457 γαρ
1537 2377 1815 2457 γίνεσθαι
1858 2368 1962 2436 τόν
2006 2376 2193 2455 ἔρωτα
2237 2373 2301 2436 ἐκ
2344 2379 2451 2436 τοῦ
2493 2376 2757 2438 εἰσπνεῖ-

511 2483 658 2537 σθαι
715 2475 779 2536 ἐκ
835 2479 939 2555 τῆς
982 2481 1217 2558 μορφῆς
1259 2481 1366 2540 τοῦ
1408 2476 1740 2558 ἐρωμένου,
1790 2471 1942 2539 ’ὅθεν
1986 2477 2087 2538 καὶ
2134 2473 2453 2556 εἰσπνήλας
2496 2481 2757 2539 καλοῦσι

511 2570 649 2651 τοὺς
677 2571 923 2659 ἐραστὰς
963 2571 1126 2657 παρὰ
1158 2573 1539 2661 ΛακωσινῙ).
1598 2584 1675 2642 ef.
1707 2583 2103 2643 Welekerum
2143 2582 2232 2641 kl.
2267 2582 2437 2642 Schr.
2470 2583 2538 2641 ΙΙ
2568 2603 2632 2662 Ρ.
2658 2585 2754 2656 93,

515 2682 590 2744 Ο.
622 2684 989 2744 Muellerum
1017 2687 1167 2744 Dor.
1202 2687 1272 2744 Π
1292 2706 1355 2765 Ρ.
1386 2694 1509 2760 286,
1545 2685 1650 2766 qui
1688 2705 1765 2744 ex
1796 2693 1973 2765 parte
2006 2685 2328 2762 corrigitur
2363 2705 2400 2743 a
2424 2683 2754 2744 Lobeekio

513 2786 794 2864 prolegg.
841 2787 1010 2865 path.
1055 2807 1118 2866 Ρ.
1165 2795 1264 2850 577
1311 2807 1404 2867 sq.
1453 2789 1551 2848 ell.
1596 2785 1747 2847 ibid.
1794 2808 1856 2867 Ρ.
1905 2797 2025 2849 111.

685 2887 1091 2948 Callimachus
1144 2897 1343 2948 utrum
1385 2882 1620 2963 φωλεόν
1664 2890 1997 2949 masculino
2054 2908 2287 2968 genere
2344 2889 2622 2968 posuerit
2664 2909 2754 2948 an

514 3007 662 3047 vero
709 2997 947 3062 neutro,
994 3008 1108 3068 per
1152 3009 1218 3048 se
1262 2988 1428 3049 haud
1470 2991 1619 3050 satis
1650 2991 1861 3050 claret.
1924 2999 1987 3049 at
2016 2999 2319 3062 neutrum,
2366 3009 2524 3070 quae
2552 2991 2755 3068 longe

512 3090 708 3148 rarior
751 3097 845 3148 est
889 3089 1100 3163 forma,
1149 3090 1224 3150 ab
1272 3110 1344 3149 eo
1391 3092 1731 3170 praelatum
1776 3099 1942 3172 put0,
2000 3091 2066 3150 id
2113 3092 2278 3172 quod
2324 3111 2461 3151 eum
2502 3081 2757 3167 λόετρον

513 3190 768 3250 verbum
800 3192 970 3251 iuxta
1013 3193 1094 3251 sit
1138 3190 1477 3252 adhibitum
1524 3201 1585 3251 et
1627 3190 1703 3251 ab
1736 3192 2113 3273 aequalitate
2145 3193 2407 3252 fortasse
2439 3211 2754 3251 commen-

515 3293 713 3354 datur.
801 3301 986 3373 atque
1041 3293 1419 3371 Hesychius:
1490 3288 1751 3367 φωλεόν·
1825 3289 2389 3352 διδασκαλεῖον·
2445 3281 2487 3368 ἦ
2539 3311 2617 3350 ου
2676 3285 2760 3350 vo}

513 3393 704 3471 θηρία
745 3395 1051 3471 κοιμᾶται·
1097 3383 1142 3469 ἦ
1183 3414 1267 3452 ου
1310 3387 1706 3471 χορεύουσι
1750 3391 1875 3452 καὶ
1923 3387 2447 3454 διδασκουσιν.
2466 3391 2530 3472 ²)
2578 3391 2647 3451 οἰ
2688 3391 2763 3454 δὲ

655 3611 693 3676 ¹)
729 3613 875 3662 Hine
915 3611 1131 3676 etymol.
1170 3611 1307 3662 Gud.
1345 3629 1395 3678 p.
1431 3615 1514 3674 22,
1555 3613 1646 3663 58:
1681 3601 1873 3678 Ἆΐτης,
1915 3605 1946 3663 5
1984 3604 2263 3678 ἐρώμενος
2318 3604 2475 3678 παρὰ
2512 3607 2577 3662 τὸ
2616 3603 2759 3664 ἅειν

515 3685 702 3747 ὅέστι
737 3691 954 3759 πνέειν,
993 3687 1023 3745 5
1061 3690 1355 3762 εἰσπνέων,
1395 3691 1575 3760 ἔρωτα
1610 3695 1687 3761 τῷ
1727 3689 1959 3764 ἐραστῇ·
2002 3696 2146 3763 φασὶ
2180 3695 2293 3763 γὰρ
2329 3695 2609 3764 γενέσθαι
2644 3690 2763 3749 τὸν

519 3776 698 3846 ἔρωτα
733 3773 834 3833 δια
870 3774 934 3830 τὸ
970 3774 1336 3832 εἰσπνεῖσθαι
1371 3774 1474 3833 τὸν
1511 3775 1691 3846 ἔρωτα
1724 3780 1829 3832 τοῦ
1864 3773 2172 3848 ὁρωμένου,
2212 3771 2359 3834 σθεν
2382 3779 2481 3834 καὶ
2508 3776 2758 3851 elenu-25-

517 3868 618 3927 λας
662 3864 900 3919 καλοῦσι
944 3880 1078 3924 τους
1125 3855 1366 3931 ἐραστας
1411 3859 1473 3916 οι
1504 3857 1773 3928 λα’πωνες.
1840 3882 1982 3932 quae
2019 3869 2101 3918 sie
2136 3868 2414 3933 corrigas·
2452 3860 2667 3934 Ἄΐτης,
2724 3859 2759 3918 5

519 3943 822 4017 ἐρώμενος,
859 3967 1017 4011 παρα
1051 3943 1116 4001 τὸ
1151 3965 1282 4001 αειν
1316 3965 1346 4000 ο
1386 3940 1501 4000 ἐστι
1537 3945 1759 4012 πνέειν,
1798 3941 1829 4002 5
1868 3945 2144 4004 εἰσπνέων
2182 3945 2363 4016 ἔρωτα
2396 3949 2474 4017 τῷ
2511 3943 2762 4019 ἐραστῇ·

519 4033 661 4098 φασὶ
707 4028 817 4100 γὰρ
862 4033 1136 4101 γίνεσθαι
1177 4027 1279 4087 τὸν
1325 4027 1507 4099 ἔρωτα
1553 4026 1654 4085 δια
1700 4027 1762 4085 τὸ
1802 4029 2167 4087 εἰσπνεῖσθαι
2217 4027 2279 4086 ἐκ
2314 4051 2419 4087 του
2456 4027 2763 4101 ἐρωμένου

521 4133 568 4169 e.
607 4135 656 4184 q.
695 4135 738 4170 s,
777 4121 850 4170 ef.
886 4138 942 4187 p.
979 4122 1098 4185 617,
1133 4122 1200 4170 46
1237 4124 1293 4170 et
1329 4118 1577 4172 Crameri
1614 4119 1844 4170 anecdd.
1886 4119 1987 4170 Ox.
2026 4120 2084 4185 11
2118 4137 2173 4186 Ρ.
2210 4122 2325 4170 173.

535 4255 546 4270 ,
651 4201 693 4266 ²)
734 4203 821 4254 Of.
859 4203 1028 4270 schol.
1075 4205 1180 4256 Od.
1217 4203 1248 4266 ζ
1279 4205 1346 4257 65
1382 4199 1578 4270 χορόν]
1612 4195 1675 4256 τὸ
1712 4198 2041 4270 συνέδριον,
2090 4198 2154 4254 τὸ
2188 4195 2515 4268 ἄθροισμα,
2551 4197 2625 4256 τὰ
2664 4202 2769 4256 δι-

517 4283 852 4339 ὃασκαλεῖα.
