2917 4992
1131 1316 1703 1400 ADDENDA

468 1525 540 1584 P.
590 1534 654 1586 13
716 1524 783 1582 in
847 1521 1224 1601 Antiphanis
1295 1523 1737 1602 epigrammate
1807 1523 1978 1583 anth.
2035 1525 2109 1584 P.
2161 1524 2262 1586 XI
2309 1533 2443 1599 322,
2500 1533 2533 1584 5

295 1625 571 1686 Palatini
615 1625 754 1685 libri
798 1625 1158 1703 scripturam
1201 1614 1408 1694 σκότος
1443 1643 1579 1684 cum
1608 1625 1891 1704 plagulas
1924 1625 2293 1704 corrigerem
2325 1643 2534 1686 emen-

299 1729 446 1789 davi
489 1721 688 1806 κόρος.
733 1747 877 1786 nam
920 1727 1199 1786 novimus
1247 1725 1499 1807 quidem
1542 1727 1955 1787 Metrotimum
2007 1727 2083 1787 ab
2128 1728 2532 1808 Hipponacte

297 1832 414 1909 frg.
446 1838 514 1894 76
557 1831 749 1890 Mein.
784 1827 896 1906 (cf.
929 1829 1046 1906 frg.
1078 1837 1164 1902 36,
1197 1825 1256 1904 2)
1301 1821 1534 1902 σκότον,
1580 1827 2028 1902 tenebrionem,
2078 1828 2219 1903 dici,
2254 1837 2319 1888 at
2350 1830 2535 1910 quale

294 1935 376 1992 sit
421 1931 833 2012 opprobrium,
879 1931 932 1990 si
968 1931 1345 2008 grammatici
1375 1931 1583 2010 pueris
1617 1950 1769 2010 quos
1800 1931 2109 1990 instruunt
2138 1930 2532 1992 tenebrarum

293 2036 492 2094 instar
539 2054 676 2094 esse
721 2033 1022 2107 dicuntur,
1079 2051 1210 2092 non
1253 2033 1416 2097 item.
1441 2032 1657 2112 liquet.
1699 2033 1881 2092 immo
1921 2033 2040 2093 hoc
2068 2007 2398 2114 ²quandam
2436 2055 2531 2094 re-

298 2135 586 2196 conditae
631 2143 693 2194 et
735 2135 1052 2195 abstrusae
1099 2133 1414 2217 doctrinae
1453 2134 1908 2194 confessionem
1938 2136 2257 2195 continere
2286 2136 2531 2196 videre-
2624 2124 2635 2134 ”

296 2247 414 2299 tur.
455 2257 669 2296 verum
711 2225 1084 2316 ἆρχομένοισι
1131 2256 1377 2317 quoque
1423 2235 1675 2295 tolerari
1719 2237 1953 2317 nequit.
2000 2238 2375 2317 scripserim:

1255 2401 1464 2465 παισὶν
1507 2399 1683 2484 κόρος
1724 2394 2127 2484 ἆχθομένοισι.

299 2616 453 2676 quae
500 2595 880 2654 antecedunt
907 2578 1085 2655 [recte
1114 2592 1366 2666 habent,
1416 2613 1783 2673 quamquam
1812 2595 1878 2652 in
1910 2595 2198 2653 Palatino
2234 2603 2329 2653 est
2356 2613 2529 2670 ποιη-

297 2695 414 2756 τῶν
447 2742 460 2755 .
495 2740 510 2755 .
537 2741 550 2755 .
584 2695 688 2772 βαι
718 2693 874 2753 ποσί.
935 2693 1123 2770 λῶβαι
1153 2693 1454 2754 Planudis
1490 2696 1841 2755 coniectura
1872 2702 1983 2768 est,
2016 2693 2129 2754 sed
2160 2693 2529 2754 indubitata.

300 2808 358 2858 et
385 2795 560 2858 παισί
600 2817 866 2878 quoque,
915 2795 1086 2877 quod
1119 2794 1320 2856 eidem
1353 2795 1631 2870 debetur,
1682 2815 1894 2856 omnes
1931 2795 2385 2876 probabilitatis
2419 2818 2529 2857 nu-

295 2921 492 2961 meros
540 2901 768 2980 explet.
921 2887 954 2904 “

461 3004 536 3062 Ρ.
567 3011 639 3063 22
664 3003 731 3060 in
766 2999 1104 3060 Clementis
1145 2999 1352 3060 verbis
1395 3008 1602 3060 strom.
1648 3001 1709 3062 V
1736 3009 1771 3063 8
1800 3020 1862 3080 p.
1888 3007 1992 3064 676
2030 3001 2346 3080 vulgatam
2386 3003 2529 3062 scri·

295 3114 536 3185 pturam
580 3101 662 3176 εἰς
705 3091 982 3180 ἐξήγησιν
1023 3099 1451 3180 γραμματικῶν
1496 3101 1647 3161 dedi
1692 3103 2083 3162 emendatam
2126 3101 2209 3173 εἰς
2252 3094 2531 3182 ἐξήγησιν

293 3197 728 3287 γραμματικήν.
777 3205 856 3264 cf.
900 3205 1275 3283 Dionysium
1328 3202 1406 3262 de
1449 3202 1733 3283 Thucyd.
1781 3224 1833 3263 c.
1866 3213 1931 3266 51
1979 3190 2375 3283 εὐαρίθμητοι
2414 3198 2529 3286 γάρ

293 3328 446 3380 τινες
487 3302 636 3366 εἰσὶν
678 3304 746 3365 οἱ
777 3296 974 3364 πάντα
1015 3295 1086 3362 τα
1121 3301 1501 3364 Θουκυδίδου
1533 3303 1854 3382 συμβαλεῖν
1898 3295 2218 3382 δυνάμενοι
2260 3302 2364 3366 καὶ
2392 3295 2521 3367 οὐδ’

293 3393 457 3470 οὗτοι
501 3405 680 3489 χωρὶς
723 3399 1126 3486 ἐξηγήσεως
1168 3408 1689 3486 γραμματικῆς
1731 3403 1878 3466 ἔνια.
2328 3396 2335 3400 ’

459 3514 534 3572 Ρ.
565 3521 633 3574 25
663 3531 758 3592 sq.
808 3509 1168 3570 Callimachi
1212 3510 1330 3589 frg.
1359 3519 1463 3573 138
1505 3510 1571 3568 in
1600 3510 1945 3570 Hesiodum
1991 3529 2174 3592 quam
2202 3513 2269 3571 in
2298 3513 2528 3573 Home-

291 3636 423 3674 rum
453 3615 743 3694 scriptum
771 3613 1004 3672 mavult
1024 3611 1453 3686 Benndorfius‚
1489 3609 1831 3672 admonens
1850 3613 1958 3672 ille
1984 3613 2286 3673 Hesiodei
2312 3633 2527 3674 versus

293 3717 500 3794 theog.
531 3725 602 3778 30
647 3723 710 3774 et
750 3715 1101 3775 Pausaniae
1147 3714 1246 3774 IX
1289 3723 1398 3792 30,
1438 3723 1491 3776 3.
1537 3714 1627 3773 ita
1672 3722 1835 3774 esset
1877 3715 2260 3793 iungendum
2302 3713 2524 3795 δςιδεγ-

291 3813 466 3895 μένος
509 3807 754 3895 ῥάβδον.

460 3919 533 3978 P.
579 3927 648 3981 30
694 3917 1134 3978 Callimachum
1179 3917 1346 3998 quod
1392 3937 1430 3976 a
1473 3935 1758 3977 sermone
1802 3916 2133 3976 Homerico
2189 3916 2529 3979 declinavit

292 4019 682 4080 Aristarchus
727 4027 904 4084 notat
961 4038 1206 4100 quoque
1249 4019 1442 4079 schol.
1491 4020 1525 4076 1
1568 4027 1702 4085 219:
1775 4015 2147 4094 Καλλίμαχος
2203 4014 2267 4078 δὲ
2324 4020 2527 4094 κακῶς

295 4110 386 4179 ετὸ
426 4116 534 4198 μὲν
577 4113 733 4192 θύος
773 4111 982 4197 ’ἤρχετο
1026 4111 1309 4197 βάλλειν)
1365 4111 1633 4202 ”Ομηρος
1678 4114 1742 4178 δὲ
1784 4111 1946 4178 θύου
1988 4119 2095 4178 τοῦ
2126 4110 2525 4198 θυμιάματος.

296 4224 370 4281 cf.
415 4224 636 4282 Lehrsi
677 4223 1012 4282 Aristaroh.
1057 4244 1120 4302 p.
1153 4233 1254 4286 219
1284 4245 1378 4304 sq.
2470 4231 2475 4234 '
