2917 4992
1063 334 1529 398 -153-

330 520 426 572 ter
467 511 613 570 mihi
657 511 780 569 iam
822 509 1087 568 veniens
1132 509 1366 588 positas
1410 507 1815 586 Hymenaeus
1861 507 1942 566 ad
1987 527 2123 567 aras

413 612 573 691 fugit
617 620 678 671 et
724 631 758 671 e
800 610 1054 670 thalami
1097 610 1310 669 limine
1353 620 1533 688 terga
1580 608 1781 682 dedit,

331 716 560 795 vixque
604 734 790 773 manu
835 714 1011 793 pigra
1055 713 1284 772 totiens
1330 712 1590 772 confusa
1632 714 1886 771 resumit

198 825 296 880 160
419 816 678 889 lumina,
725 816 832 874 vix
872 823 1035 874 moto
1081 814 1335 894 corripit
1376 815 1525 892 igne
1570 813 1759 874 faces.

331 937 519 997 saepe
568 917 872 976 coronatis
917 916 1155 976 stillant
1197 923 1520 993 unguenta
1564 914 1803 993 capillis

418 1027 478 1078 et
521 1018 782 1079 trahitur
821 1019 1011 1078 multo
1058 1016 1394 1097 splendida
1437 1016 1607 1095 palla
1652 1035 1847 1074 croco·

331 1139 464 1178 cum
505 1120 710 1198 tetigit
750 1119 971 1192 limen,
1017 1118 1296 1178 lacrimas
1341 1119 1675 1197 mortisque
1718 1117 1996 1176 timorem

415 1221 614 1280 cernit
657 1229 721 1280 et
764 1241 802 1279 a
845 1222 1010 1280 cultu
1052 1220 1242 1279 multa
1285 1227 1521 1279 remota
1565 1239 1709 1278 suo:

197 1331 291 1385 165
336 1323 560 1401 proicit
602 1322 738 1402 ipse
784 1342 896 1382 sua
940 1321 1236 1382 deductas
1281 1321 1487 1381 fronte
1534 1340 1793 1380 coronas

412 1424 736 1503 Spissaque
783 1422 862 1482 de
908 1424 1120 1483 nitidis
1163 1424 1352 1502 tergit
1395 1442 1633 1482 amoma
1678 1424 1882 1497 comis,

332 1533 395 1584 et
436 1524 631 1604 pudet
672 1526 740 1584 in
783 1526 942 1586 tristi
986 1526 1211 1585 laetum
1257 1543 1629 1602 consurgere
1672 1523 1866 1597 turba,

415 1627 644 1707 quique
691 1636 822 1687 erat
864 1629 931 1686 in
976 1627 1178 1707 palla,
1224 1626 1446 1685 transit
1488 1627 1554 1684 in
1601 1645 1707 1684 ora
1750 1624 1953 1684 rubor.

331 1738 394 1786 at
436 1729 585 1787 mihi
628 1747 746 1788 vae
789 1729 1050 1788 miserae
1092 1735 1401 1787 torrentur
1443 1725 1717 1786 febribus
1764 1735 1930 1786 artus

194 1837 298 1892 170
427 1838 489 1888 et
533 1831 780 1908 gravius
825 1831 985 1888 iusto
1030 1829 1222 1909 pallia
1265 1827 1511 1909 pondus
1555 1826 1817 1902 habent,

330 1938 665 2011 nostraque
711 1932 1032 2010 plorantes
1076 1930 1261 1989 video
1308 1949 1496 2009 super
1542 1949 1649 1989 ora
1692 1941 2015 2009 parentes,

415 2039 478 2090 et
521 2032 658 2091 face
702 2051 812 2111 pro
857 2032 1110 2091 thalami
1153 2031 1263 2090 fax
1305 2031 1453 2090 mihi
1494 2032 1702 2090 mortis
1748 2031 1946 2090 adest.

331 2151 518 2212 parce
562 2133 902 2206 laboranti,
950 2134 1119 2212 picta
1163 2132 1282 2192 dea
1325 2133 1491 2191 laeta
1535 2133 1858 2211 pharetra,

416 2232 618 2314 daque
662 2234 1040 2294 salutiferam
1083 2236 1204 2294 iam
1247 2233 1396 2293 mihi
1440 2233 1645 2292 fratris
1694 2253 1892 2314 opem.

191 2343 290 2398 175
333 2344 511 2414 turpe
555 2333 756 2409 tibist,
804 2337 977 2395 illum
1020 2355 1233 2396 causas
1281 2335 1600 2414 depellere
1644 2335 1786 2409 leti,

414 2444 474 2494 te
516 2445 731 2497 contra
771 2439 1013 2498 titulum
1055 2439 1264 2496 mortis
1309 2435 1542 2496 habere
1588 2455 1781 2496 meae.

327 2536 658 2617 numquid,
704 2540 772 2597 in
814 2537 1098 2598 umbroso
1146 2559 1279 2597 cum
1323 2539 1519 2597 velles
1565 2538 1741 2597 fonte
1787 2538 2017 2612 lavari,

412 2639 756 2719 inprudens
805 2641 1002 2700 vultus
1049 2638 1130 2698 ad
1173 2648 1279 2698 tua
1324 2637 1498 2698 labra
1539 2639 1699 2697 tuli?

328 2741 706 2820 praeteriine
751 2749 886 2801 tuas
933 2739 1014 2802 de
1057 2749 1150 2800 tot
1195 2739 1561 2800 coelestibus
1608 2741 1791 2799 aras?

193 2851 292 2904 180
425 2862 589 2922 aque
632 2851 799 2902 tuast
840 2851 1051 2903 nostra
1096 2849 1306 2921 spreta
1351 2848 1615 2920 parente
1660 2842 1935 2920 parens?

329 2909 421 3002 nil
467 2963 582 3021 ego
628 2945 918 3022 peccavi,
965 2945 1086 3003 nisi
1133 2941 1300 3023 quod
1345 2943 1621 3022 periuria
1663 2943 1790 3020 legi

412 3045 606 3125 inque
650 3064 865 3124 parum
907 3045 1110 3105 fausto
1158 3046 1427 3104 carmine
1475 3043 1659 3103 docta
1702 3045 1807 3104 fui.

330 3153 398 3205 tu
444 3165 694 3226 quoque
738 3165 850 3224 pro
899 3145 1110 3219 nobis,
1158 3147 1210 3205 si
1255 3167 1383 3206 non
1427 3145 1705 3205 mentiris
1752 3165 2049 3220 amorem,

325 3361 374 3397 v.
413 3347 510 3398 157
546 3349 620 3397 ad
649 3361 804 3396 aures
837 3346 883 3396 L
909 3361 970 3406 v,
1017 3346 1272 3397 nimirum
1319 3361 1387 3397 ex
1424 3361 1510 3412 ep.
1548 3345 1654 3396 XII
1693 3346 1818 3408 137,
1866 3348 1940 3396 ad
1980 3361 2105 3396 aras
2150 3345 2426 3397 Slichten-

189 3429 446 3483 horstius.
483 3455 552 3468 --·
587 3448 640 3484 ν.
679 3432 777 3482 159
811 3446 985 3480 manus
1019 3447 1072 3482 v.
1141 3431 1314 3494 infusa
1346 3438 1622 3496 resurgunt
1654 3431 1700 3480 L
1726 3446 1786 3492 v,
1827 3432 1977 3482 toties
2016 3432 2221 3481 incussa
2252 3447 2426 3483 resur-

186 3521 320 3578 gunt
349 3513 438 3564 vel
475 3516 640 3566 taedis
675 3531 896 3566 excussa
929 3521 1204 3579 resurgunt
1236 3514 1528 3580 Heinsius,
1574 3517 1784 3565 imenso
1819 3516 2030 3565 resumit
2061 3515 2426 3581 Burmannus,

193 3600 341 3648 toties
373 3600 539 3649 inlusa
570 3601 779 3651 resumit
803 3599 846 3653 1.
872 3599 964 3649 Fr.
991 3599 1404 3664 Heusinger-us,
1443 3600 1537 3664 qui
1571 3599 1814 3650 debebat
1850 3603 2002 3650 certe
2039 3595 2193 3652 toties
2216 3604 2357 3652 elusa
2378 3618 2427 3653 r.

192 3683 389 3748 scripsi
412 3685 599 3734 totiens
636 3680 740 3747 (sic
765 3684 811 3733 L
835 3682 894 3750 v)
931 3684 1151 3747 confusa
1185 3685 1406 3735 resumit.
1454 3685 1635 3734 minus
1670 3683 1937 3750 placebat
1972 3686 2156 3736 totiens
2180 3685 2427 3750 infausta,

193 3766 265 3816 cf.
293 3782 378 3832 ep.
414 3767 490 3816 VI
510 3768 595 3821 46.
619 3793 686 3844 -ζ-
721 3783 776 3820 V.
815 3769 913 3818 160
947 3770 1037 3818 vix
1069 3774 1232 3819 motae
1264 3770 1486 3819 concutit
1518 3769 1881 3822 Burmannus,
1919 3795 1987 3804 —
2019 3783 2071 3818 v.
2112 3769 2212 3818 164
2246 3775 2429 3819 cuncta

191 3858 384 3901 remota
413 3851 704 3904 Francius,
739 3876 810 3889 —-
842 3867 897 3905 v,
923 3853 1021 3904 165
1053 3869 1176 3903 suas
1211 3854 1431 3903 deducta
1465 3853 1511 3902 L
1536 3868 1598 3916 v,
1645 3869 1740 3904 sua
1775 3856 2022 3906 deductas
2055 3853 2333 3904 Francius
2370 3858 2427 3904 et

194 3934 436 4000 cuperus
471 3935 509 3986 l.
537 3952 588 3988 c.
626 3936 682 3986 H
713 3953 776 4002 p..
795 3937 912 3988 704.
937 3963 1006 3974 —
1039 3952 1092 3987 v.
1133 3937 1230 3987 166
1265 3939 1511 3988 ammonia
1544 3953 1597 3988 v.
1623 3961 1691 3975 —·
1724 3953 1777 3988 v.
1816 3939 1913 3989 167
1938 3952 2019 4002 sq.
2060 3941 2189 3988 ante
2234 3953 2285 3988 v.
2326 3939 2425 3989 165

192 4023 550 4085 transponere
597 4020 826 4072 volebat
869 4021 1200 4086 Meynckius
1244 4022 1473 4072 amicus.
1517 4047 1588 4060 --
1629 4037 1681 4074 V.
1722 4023 1819 4073 169
1864 4024 1996 4072 artis
2029 4037 2081 4076 v.
2122 4045 2195 4060 ·-
2236 4038 2291 4074 v,
2330 4023 2426 4072 171

192 4104 367 4154 videm·
399 4120 449 4157 v.
486 4130 554 4140 —
587 4120 640 4157 V.
680 4107 778 4157 174
813 4108 911 4156 iam
946 4106 1038 4156 tibi
1068 4122 1123 4157 v.
1163 4133 1226 4143 -—
1261 4121 1314 4157 v.
1355 4107 1451 4157 177
1490 4107 1716 4172 nunquid
1747 4106 1795 4156 L
1819 4121 1871 4157 v.
1911 4132 1975 4143 -
2010 4123 2063 4156 v.
2103 4107 2203 4158 178
2237 4108 2426 4172 impru-

195 4187 318 4236 dens
351 4187 396 4240 L
422 4204 473 4240 v.
513 4215 578 4225 —
612 4203 666 4240 v.
707 4191 804 4240 179
843 4192 1158 4255 praeter-iiras
1191 4207 1244 4242 v.
1289 4217 1357 4229 --
1392 4207 1444 4244 v.
1484 4192 1583 4241 180
1619 4197 1771 4256 atque
1809 4196 1895 4240 tua
1928 4191 2004 4254 L,
2042 4197 2194 4256 atque
2228 4206 2340 4241 mea
2373 4206 2428 4254 v,
2520 4247 2524 4251 ,

193 4285 324 4336 aque
358 4271 530 4323 editio
564 4273 911 4324 Bersmanni.
947 4301 1013 4310 —
1049 4289 1102 4326 v.
1141 4277 1237 4325 182
1273 4277 1469 4341 iamque
1505 4290 1557 4325 v.
