2917 4992
1260 325 1726 390 —126—

384 503 566 559 indem
609 518 674 557 er
716 501 832 573 auf
872 505 942 558 16
983 501 1284 557 Blaettern
1331 497 1398 578 (2
1427 495 1863 576 Quaternionen)
1911 500 1999 554 die
2037 498 2337 570 fehlenden
2384 502 2454 554 11
2480 498 2625 571 Epi-

385 605 520 660 steln
565 604 930 660 voranstellte.
1019 601 1136 660 Von
1177 603 1277 676 fol.
1319 608 1390 660 17
1433 603 1504 658 ab
1558 603 1839 659 methalten
1882 601 1968 656 die
2012 599 2193 656 Seiten
2238 604 2501 656 constant
2546 602 2629 655 23

384 705 569 762 Zeilen
585 747 600 772 ,
656 705 772 778 auf
799 704 898 778 fol.
951 709 982 759 1
995 736 1079 746 —
1099 709 1172 762 16
1217 705 1463 779 daqeyen
1504 703 1799 761 schwanlcl
1852 703 1938 759 die
1980 701 2303 759 Zeilenzahl
2340 701 2628 758 zwischen

389 809 639 864 18—23.

557 903 1060 966 coniecturarum
1103 915 1320 966 eontra
1363 925 1603 981 earum,
1652 925 1813 986 quae
1860 914 1921 965 et
1963 925 2211 985 prorsus
2242 907 2368 965 sint
2396 904 2628 963 inanes

391 1014 454 1065 et
505 1025 654 1065 vero
714 1015 997 1086 prostent
1051 1008 1371 1069 conlectae
1426 1009 1494 1068 in
1537 1007 2037 1068 Boissonadiana
2094 1015 2376 1066 notarum
2431 1005 2629 1064 farra-

387 1107 566 1184 gine,
627 1106 824 1168 abieci
867 1108 1125 1185 nubem,
1181 1118 1248 1170 ut
1301 1130 1619 1190 parcerem
1672 1118 1798 1169 tum
1843 1109 2067 1169 chartis
2111 1116 2238 1170 tum
2281 1107 2633 1187 patientiae

386 1208 701 1268 lectorum.
789 1229 908 1270 nee
949 1213 1147 1272 minus
1194 1209 1462 1272 eandem
1506 1211 1583 1272 ob
1629 1231 1905 1272 caussam
1950 1210 2289 1269 omittenda
2333 1208 2480 1270 duxi
2525 1227 2634 1266 eo-

390 1308 546 1368 dieie
592 1311 966 1388 glossemata
1009 1333 1046 1371 a
1089 1314 1436 1383 recentiore
1491 1333 1675 1373 manu
1731 1315 1896 1373 inter
1938 1312 2141 1371 lineas
2188 1319 2250 1371 et
2291 1312 2357 1370 in
2401 1311 2632 1388 margi-

387 1409 570 1470 nibus
627 1411 964 1492 adscripta,
1025 1434 1184 1495 quae
1240 1424 1480 1476 tantum
1535 1435 1663 1475 non
1721 1414 1927 1475 omnia
1972 1411 2248 1472 exhibuit
2290 1411 2634 1472 Boissona-

391 1510 549 1572 dius.
638 1512 836 1574 obiter
879 1514 1045 1575 addo
1089 1517 1313 1577 haece.
1371 1513 1452 1577 ad
1497 1525 1739 1596 p.128,
1791 1527 1853 1579 15
1910 1509 2309 1592 προκολπίου]
2354 1501 2477 1570 ἆπὸ
2518 1510 2637 1570 τοῦ

387 1604 631 1674 κόλπου.
677 1606 1035 1693 λαμβάνεται
1081 1613 1145 1678 δὲ
1188 1613 1285 1676 ἐπὶ
1329 1618 1446 1676 τῶν
1492 1615 1874 1697 δωροδεκτῶν
1918 1603 1956 1690 ἦ
2003 1613 2171 1688 λέξις.
2232 1614 2313 1674 ad
2342 1635 2406 1695 p.
2443 1624 2563 1689 130,
2600 1610 2639 1674 4

386 1701 728 1796 ἆφειδήσω]
775 1704 1006 1793 ἆφειδω
1051 1709 1116 1777 τὸ
1161 1709 1398 1779 ἆνιλεῶ.
1486 1720 1567 1781 ad
1611 1741 1674 1800 p.
1710 1730 1826 1794 131,
1874 1729 1908 1780 4
1950 1705 2023 1776 οὗ
2066 1711 2355 1794 μόλιβδον
2400 1749 2475 1758 -
2524 1703 2638 1792 ἆρ-

387 1809 581 1898 γύρῳ]
629 1809 740 1896 ὅρα
785 1817 946 1898 ῥῆμα
990 1810 1294 1897 εὐπρεπές.
1357 1830 1623 1882 ceterum
1668 1830 1878 1882 auctor
1918 1822 2172 1880 istorum
2200 1839 2343 1880 usus
2378 1827 2472 1878 est
2500 1817 2640 1877 He-

389 1919 625 1997 sychiO.
685 1917 789 1979 ubi
829 1923 992 1981 enim
1024 1923 1282 1998 adnotat
1313 1922 1391 1983 ad
1423 1945 1486 2004 p.
1521 1933 1639 1998 129,
1675 1935 1739 1986 15
1786 1917 2287 2001 ἐγκεκολαμμένα]
2333 1911 2643 1978 κολάπτω.

387 2008 456 2076 τό
500 2012 740 2078 κλύπτω
784 2009 826 2097 ἢ
867 2016 1090 2083 amem
1131 2015 1278 2102 πρὸς
1321 2020 1392 2083 τὰ
1433 2017 1693 2103 γόνατα,
1741 2024 2021 2085 adhibuit
2069 2024 2472 2105 depravatam
2503 2022 2645 2080 He-

389 2121 566 2202 syehi
597 2122 866 2200 glossam
893 2118 1190 2185 κολάπτει.
1257 2120 1484 2186 κλώθει
1512 2116 1663 2207 πρὸς
1690 2125 1776 2210 τῷ
1804 2117 2031 2205 γόνατι,
2076 2115 2119 2200 ἦ
2145 2119 2375 2204 γλύφει.
2439 2133 2645 2204 etym.

391 2222 559 2284 Gud.
604 2243 668 2303 p.
699 2231 830 2301 334,
878 2237 978 2291 53:
1025 2219 1333 2305 κολάπτει,
1377 2220 1593 2308 γλύφει
1634 2215 1675 2304 ἢ
1719 2222 1972 2287 κλύνθει
2018 2216 2165 2307 πρὸς
2208 2227 2295 2309 τῷ
2336 2218 2573 2305 γόνατι.
