2917 4992
1097 341 1467 402 ...7-

1869 456 1881 482 1

173 517 340 595 plura
369 505 729 593 scriptorum
773 515 909 573 loca
953 521 1454 588 commonstrant,
1503 535 1717 574 vocem
1746 508 2058 590 κυκλικός,
2106 519 2210 576 ubi
2252 520 2396 584 tali

173 638 366 676 nexu
440 625 864 695 usurparetur,
942 616 1303 695 plerumque
1371 624 1539 676 certe
1608 617 1792 676 alium
1858 618 2148 678 habuisse
2215 619 2394 678 intel-

175 719 404 778 lectum.
424 715 468 794 ¹)

324 821 686 879 Welckerus
759 820 946 896 igitur
1000 820 1065 876 in
1133 838 1205 876 eo
1266 818 1454 892 libro,
1527 839 1645 898 quo
1714 829 1907 880 totam
1971 822 2397 902 quaestionem

179 942 318 999 quae
365 930 458 980 est
513 922 592 980 de
650 921 825 999 cyclo
885 922 1062 998 epico
1122 921 1186 978 in
1233 929 1457 979 statum
1513 923 1761 999 penitus
1820 942 2045 981 novum
2090 926 2393 1001 provexit,

176 1024 204 1080 I
242 1044 298 1100 p.
347 1034 446 1084 110
490 1043 647 1103 sqq„
707 1021 770 1080 id
830 1022 1214 1100 potissimum
1270 1022 1428 1098 agit,
1487 1030 1557 1081 ut
1612 1042 1692 1080 ne
1738 1024 1801 1080 in
1864 1025 2102 1102 epicum
2161 1026 2396 1106 cyclum

177 1124 595 1183 nobilissimum
639 1145 672 1183 e
719 1145 828 1182 sua
873 1123 1224 1182 coniectura
1266 1124 1376 1182 vix
1417 1123 1566 1182 dum
1608 1132 1755 1183 tunc
1800 1145 1837 1182 a
1882 1125 2205 1185 Zenodoto
2253 1147 2393 1186 con-

175 1226 486 1299 cinnatum,
535 1228 640 1304 qui
683 1227 824 1304 ipsa
871 1244 1116 1304 quoque
1148 1227 1477 1284 Homerica
1522 1227 1792 1286 carmina
1838 1228 2393 1305 comprehenderit,

174 1327 367 1384 invehi
413 1327 696 1386 videatur
739 1313 1172 1400 CallimachuS,
1234 1327 1560 1387 acerrimus
1605 1329 1713 1386 ille
1759 1328 2098 1388 fabularum
2142 1338 2392 1405 amator,

174 1429 598 1488 eruditissimus
665 1427 831 1488 idem
891 1437 1211 1506 poetarum
1277 1431 1660 1502 aestimator,
1743 1429 2016 1510 denique
2095 1433 2395 1510 epigram-

176 1531 334 1588 matis
379 1531 451 1588 in
492 1529 828 1590 Oechaliae
871 1531 1392 1610 expugnationem
1437 1532 1649 1610 scripti
1692 1541 1920 1592 auctor.
1995 1541 2245 1610 revocat
2290 1553 2393 1592 ex-

175 1629 308 1688 inde
351 1651 576 1709 poema
607 1632 902 1710 cyclicum
947 1631 1027 1691 ad
1073 1652 1222 1710 epos
1256 1632 1567 1711 quoddam
1613 1634 1835 1712 cyclo
1855 1634 2250 1712 graphum‚
2298 1636 2395 1693 6111

177 1734 434 1810 assignat
488 1733 920 1792 Antimachum
935 1730 984 1809 2)
1047 1733 1416 1793 Pisandrum
1470 1735 1789 1793 Musaeum
1834 1735 2175 1813 Ephesium
2222 1734 2395 1794 deni-

177 1853 282 1910 que
311 1833 712 1912 Apollonium
755 1834 1078 1909 Rhodium,
1130 1837 1236 1914 qui
1281 1856 1493 1895 omnes
1524 1837 1727 1896 varias
1770 1837 2057 1896 historias
2101 1837 2166 1894 in
2211 1856 2395 1895 unam

176 1935 375 1993 seriem
455 1937 810 2012 redigentes
892 1939 1067 2016 quasi
1151 1935 1453 2016 quosdam
1531 1939 1855 1997 thesauros
1940 1939 2396 2018 composuerint

179 2035 446 2096 fabularis
507 2038 835 2110 historiae,
915 2038 1204 2097 simillimi
1269 2040 1382 2099 hac
1447 2040 1514 2097 in
1580 2060 1647 2098 re
1704 2041 2011 2119 Dionysio
2079 2041 2391 2119 cyclogra·

177 2137 303 2212 pho.
363 2139 440 2196 cf.
507 2139 542 2196 I
585 2160 646 2217 p.
694 2148 760 2202 75
807 2159 944 2218 sqq.
1019 2142 1113 2199 6111
1158 2140 1475 2200 Welckeri
1536 2141 1818 2219 opinioni
1876 2140 2045 2200 haud
2090 2143 2390 2200 infirmum

181 2253 578 2315 argumentum
645 2240 1038 2299 Merkelus
1108 2244 1398 2320 opposuit
1462 2243 1741 2321 prolegg.
1800 2243 1864 2300 in
1922 2241 2131 2320 Apoll.
2179 2242 2383 2300 Rhod.

181 2359 228 2414 p.
269 2341 497 2400 XXIII
543 2361 681 2420 sqq.
729 2343 780 2401 is
837 2352 1040 2402 autem
1096 2345 1233 2422 ipse
1279 2352 1420 2421 post
1480 2365 1602 2404 non
1660 2344 1863 2402 nullos
1920 2344 2392 2421 argumentandi

181 2443 479 2518 argutandi
509 2442 797 2520 ambages
833 2445 1000 2502 locos
1033 2446 1344 2523 componit
1375 2465 1452 2516 ex
1484 2446 1730 2504 scholiis
1761 2446 2103 2504 Homericis
2133 2453 2391 2525 septem,

181 2561 340 2600 unum
395 2546 790 2623 etymologici
861 2547 1096 2624 magni,
1173 2547 1279 2625 qui
1334 2545 1826 2606 Alexandrinam
1882 2548 2052 2606 vocis
2116 2542 2397 2617 κυκλικός

184 2645 466 2704 notionem
515 2646 632 2704 sibi
675 2647 907 2706 referre
949 2646 1302 2706 videantur.
1367 2668 1525 2727 quae
1568 2648 1851 2726 exempla
1883 2649 2174 2726 quoniam
2203 2649 2391 2726 signi·

180 2745 334 2803 ficare
389 2756 621 2806 certum
678 2748 928 2807 dicendi
984 2769 1179 2826 genus
1233 2749 1433 2821 videt,
1503 2749 1668 2828 quod
1723 2749 1787 2805 in
1856 2749 2088 2808 iteratis
2158 2747 2393 2807 eisdem

185 2847 454 2935 epithetis·
501 2849 913 2909 locutionibus
967 2851 1366 2909 hemistichiis
1408 2849 1687 2908 versibus
1732 2843 1995 2908 maxime
2042 2851 2393 2910 Homericis

185 2957 469 3022 cernatur,
521 2952 808 3028 quoniam
857 2951 1076 3012 eodem
1121 2954 1250 3012 fere
1280 2952 1486 3011 tendit
1515 2953 1785 3010 Polliani
1818 2953 2194 3030 epigramma
2224 2953 2391 3012 anth.

186 3047 240 3104 P.
279 3051 370 3108 XI
423 3061 547 3121 130,
610 3054 961 3112 universam
1007 3054 1223 3132 cyclici
1269 3055 1570 3132 poematis
1618 3055 1935 3113 notionem
1980 3055 2058 3114 ad
2106 3064 2390 3114 constan-

185 3155 284 3206 tem
323 3152 496 3210 illum
540 3155 840 3214 sermonis
899 3156 1124 3214 cultum
1179 3156 1432 3214 rettulit.
1526 3175 1707 3234 quam
1762 3156 2072 3214 rationem.
2116 3154 2391 3235 pluribus

293 3358 333 3423 ¹)
367 3363 446 3410 Et
489 3357 732 3424 proxime
781 3356 1055 3406 accedunt
1101 3355 1171 3404 ad
1209 3355 1541 3405 Callimachi
1587 3356 1759 3403 verba
1806 3355 1947 3404 haec
1984 3353 2279 3420 Philoponi
2318 3356 2388 3405 ad

187 3439 377 3494 Aristot.
436 3445 641 3508 analyt.
679 3444 817 3506 post.
856 3441 882 3489 I
922 3441 983 3488 12
1021 3439 1191 3492 schol.
1227 3439 1452 3489 Aristot.
1492 3457 1542 3504 p.
1580 3439 1700 3488 217:
1747 3432 1861 3488 ἔστι
1912 3433 1975 3490 δὲ
2020 3436 2123 3490 καὶ
2158 3427 2298 3490 ἄλλο
2335 3456 2389 3490 τι
2435 3483 2440 3488 .

189 3517 359 3586 κύκλος
403 3523 565 3585 ἰδίως
603 3517 1044 3592 ὀνομαζόμενον,
1084 3511 1115 3573 3
1151 3523 1428 3589 ποίημα
1466 3516 1615 3580 τινὲς
1652 3516 1757 3588 μὲν
1796 3517 1877 3582 εἰς
1906 3514 2129 3588 ἑτέρους
2156 3523 2231 3588 (11.
2260 3540 2288 3574 6
2318 3523 2388 3573 ad

190 3607 452 3676 diversos),
501 3603 651 3668 τινὲς
700 3603 764 3660 δὲ
811 3603 893 3668 εἰς
915 3599 1171 3674 Ὅμηρον
1216 3599 1631 3672 ἀναφέρουσιν.
1692 3624 1832 3673 quae
1881 3626 1948 3659 ex
1986 3609 2392 3659 commentariis

187 3689 454 3746 Alexandri
491 3694 938 3760 Aphrodisiensis
982 3693 1182 3744 hausta
1229 3709 1350 3744 esse
1399 3693 1704 3758 probabilis
1754 3695 1939 3759 opinio
1989 3699 2073 3742 est
2106 3693 2392 3743 Welckeri

191 3791 253 3839 ep.
287 3781 418 3844 cycl.
462 3783 491 3830 I
525 3798 578 3845 p.
620 3782 700 3830 10.

295 3861 332 3926 ²)
365 3865 554 3914 Vtitur
603 3866 786 3912 autem
831 3860 937 3912 hac
983 3862 1042 3910 in
1078 3877 1136 3911 re
1184 3861 1421 3910 maxime
1468 3862 1910 3927 scholiographis
1945 3859 2270 3910 Horatianis
2320 3860 2389 3910 ad

191 3957 228 3993 a.
257 3954 390 4010 poet.
427 3965 483 3998 v.
525 3947 806 3998 136—146.
845 3950 904 3994 at
940 3946 996 4001 in
1033 3945 1244 3995 scholio
1270 3944 1502 3996 Acronis
1538 3946 1747 3997 scribe:
1788 3953 1876 3996 aut
1912 3960 2086 3996 nomen
2120 3946 2389 4007 proprium

192 4027 382 4091 Cyclicus
419 4040 526 4082 aut
562 4031 680 4096 (pro
717 4028 798 4095 et)
830 4032 1083 4096 signifieat
1107 4031 1469 4082 Antimachum.
1532 4027 2065 4080 memorabilia‘sunt
2090 4026 2393 4094 Cruquiani

191 4117 606 4167 commentatoris
639 4116 836 4167 verba:
876 4116 1004 4164 hunc
1040 4121 1202 4164 autem
1235 4113 1496 4179 (cyclicum
1526 4111 1753 4180 poetam)
1790 4115 1879 4163 alii
1901 4099 2267 4174 Antimachum,
2304 4116 2396 4164 alii

193 4197 506 4252 Callimachum
541 4205 728 4251 dicunt.
803 4215 946 4266 quae
982 4203 1116 4249 nata
1153 4199 1406 4248 videntur
1451 4198 1542 4249 vel
1580 4215 1608 4248 e
1646 4199 1949 4249 fluctuante
1992 4200 2267 4266 scriptura
2302 4200 2391 4250 vel

194 4294 242 4328 ex
270 4285 512 4336 uberiore
551 4285 758 4334 scholio
796 4281 993 4334 inscite
1032 4287 1338 4332 contracto.
