2917 4992
1344 318 1768 385 .-....-70....

741 503 842 558 sed
883 505 1065 558 malus
1106 502 1194 557 ille
1231 498 1395 571 puer,
1438 513 1598 572 quem
1642 503 1757 552 nec·
1786 513 1889 552 sua
1925 474 2151 568 flectere
2194 499 2379 550 mater

742 608 951 660 iratum
989 605 1202 675 potuit,
1245 617 1405 674 quem
1449 615 1553 655 nec
1588 605 1756 672 pater
1798 603 1968 670 atque
2010 612 2146 653 avus
2190 597 2331 652 idem

745 707 965 777 Iupiter
1007 735 1093 746 -—
1133 704 1222 759 ille
1264 705 1430 758 etiam
1475 702 1690 772 Poenos
1733 701 2005 757 domitare
2046 700 2246 764 leones,

745 813 797 862 et
843 807 1054 862 validas
1098 806 1283 861 docuit
1324 805 1471 860 vires
1511 816 1903 872 mansuescere
1948 802 2107 873 tiyris
2122 843 2137 870 ,

744 910 832 964 ille
876 909 1042 963 etiam
1087 907 1266 972 divos,
1312 905 1557 961 homines
1605 935 1681 944 —
1710 904 1827 960 sed
1866 903 2052 958 dicere
2094 918 2356 974 maynum
2402 907 2513 968 est,

744 1010 884 1065 idem
931 1013 1046 1065 tum
1093 1009 1284 1063 tristes
1327 1006 1561 1062 acuebat
1598 1005 1873 1078 parvulus
1915 1006 2054 1058 iras.

445 1117 506 1168 et
551 1108 734 1167 aliam
780 1108 908 1168 eius
955 1107 1202 1185 generis
1236 1106 1638 1185 aposiopesin
1671 1123 2009 1182 agnoscere
2040 1103 2188 1162 mihi
2217 1101 2439 1162 videor
2470 1101 2694 1162 obscu-

443 1219 636 1272 ratam
679 1210 852 1268 initio
885 1208 1278 1286 Apuleianae
1325 1205 1572 1265 fabulae
1620 1205 1698 1264 de
1730 1205 2013 1284 Psychae
2054 1213 2115 1265 et
2148 1203 2475 1283 Cupidinis
2522 1224 2697 1263 amo-

443 1311 607 1371 ribus
656 1310 824 1389 (met.
872 1311 963 1370 IV
1007 1306 1135 1385 28):
1207 1311 1307 1366 sed
1348 1312 1585 1365 maiores
1639 1310 1853 1382 quidem
1896 1315 2030 1365 natu
2071 1310 2323 1382 quamvis
2360 1311 2699 1380 qratissima

441 1417 626 1488 specie
640 1458 655 1482 ‚
711 1414 903 1470 idonee
948 1418 1134 1467 tamen
1178 1411 1453 1468 celebrari
1493 1425 1664 1483 posse
1706 1411 1955 1467 laudibus
1998 1409 2255 1465 humanis
2297 1409 2699 1478 credebantur,

444 1521 507 1571 at
534 1531 664 1572 vero
682 1516 910 1587 puellae
935 1515 1166 1570 iunioris
1207 1519 1339 1568 tam
1359 1515 1707 1584 praecipua,
1752 1519 1819 1568 ta
1836 1530 1887 1566 m
1921 1513 2223 1584 praeclara
2252 1512 2575 1582 pulcritudo
2607 1544 2701 1553 —

443 1633 545 1675 nec
567 1618 812 1690 exprimi
829 1632 898 1672 ac
918 1615 990 1670 n'e
1017 1614 1369 1687 sufficienter
1397 1616 1617 1687 quidem
1648 1615 1877 1670 laudari
1900 1615 2173 1670 sermonis
2202 1614 2433 1668 humani
2445 1617 2701 1685 penuria

439 1725 679 1792 poterat.
701 1749 789 1760 —-
819 1715 1066 1776 ‘amoris
1110 1714 1344 1774 undae’
1391 1715 1513 1773 iam
1556 1715 1620 1773 in
1654 1712 1914 1772 Pindari
1946 1721 2090 1773 sunt
2119 1714 2465 1791 fragmento
2502 1723 2624 1786 100,
2660 1723 2703 1775 3

443 1819 604 1896 ng.
649 1807 718 1888 ὃς
760 1811 843 1894 μὴ
885 1809 1064 1898 πόθῳ
1109 1816 1480 1891 κυμαίνεται.
1569 1814 1831 1894 plurima
1885 1834 2034 1873 vero
2094 1813 2373 1874 eiusdem
2426 1815 2699 1873 transla-

444 1920 632 1979 tionis
679 1926 823 1979 sunt
869 1919 1154 1998 exempla
1196 1918 1264 1976 in
1310 1917 1576 1976 eroticis.
1638 1916 1710 1975 cf.
1759 1915 2115 1975 Iakobsium
2158 1915 2240 1974 ad
2284 1915 2509 1975 Achill.
2542 1917 2699 1974 Tat.

448 2021 479 2079 Ι
509 2028 542 2082 6
572 2041 634 2100 p.
671 2029 753 2093 lo,
800 2026 886 2093 32,
934 2018 1361 2078 Heinrichium
1407 2018 1487 2076 ad
1522 2019 1680 2077 Mus
1713 2024 1835 2091 332,
1881 2016 2198 2076 Barthium
2244 2017 2324 2076 ad
2359 2016 2701 2078 Claudian.

446 2122 511 2180 in
556 2122 758 2181 Rufin.
791 2122 976 2182 1112.
1040 2140 1296 2200 quorum
1341 2120 1643 2198 exemplis
1688 2139 1813 2177 non
1859 2119 1980 2178 nisi
2024 2139 2212 2178 unum
2258 2118 2420 2178 addo
2464 2127 2532 2178 ut
2576 2119 2707 2177 hac

449 2222 696 2302 quidem
740 2222 804 2281 in
849 2243 917 2282 re
962 2221 1182 2282 ceteris
1228 2223 1476 2300 gravius
1503 2266 1517 2295 ‚
1564 2221 1778 2280 Nonni
1822 2221 2011 2279 Dion.
2054 2221 2242 2280 XLII
2287 2230 2356 2283 58
2398 2242 2525 2301 sq.‚
2586 2221 2705 2280 ubi

451 2323 530 2383 de
576 2324 816 2383 Baccho
863 2324 1126 2382 Beroam
1171 2321 1557 2402 depereunte
1599 2323 1757 2382 haec
1798 2321 2116 2381 dicuntur:

795 2419 897 2481 καὶ
942 2415 1086 2482 νόον
1130 2413 1487 2502 ἆστήρικτον
1534 2411 1763 2499 ὁμοίιον
1808 2415 1923 2498 εἶχε
1967 2415 2274 2504 θαλάσσῃ,
2348 2439 2356 2442 ’

795 2516 1020 2602 κύμασι
1063 2517 1446 2599 παφλάζοντα
1489 2523 1953 2601 πολυφλοίσβοιο
1996 2523 2301 2601 μερίμνης.

451 2624 670 2685 eadem
714 2646 861 2685 vero
906 2627 974 2686 in
1021 2627 1441 2706 descriptione
1485 2628 1610 2686 iam
1654 2627 1823 2687 aliud
1868 2634 2053 2686 antea
2096 2627 2304 2686 lumen
2338 2626 2703 2707 deprehen-

451 2727 646 2787 dimus
695 2727 1025 2808 Cydippae
1071 2737 1432 2809 surreptum.

620 2831 750 2889 Iam
795 2830 1096 2908 deinceps
1143 2839 1470 2890 narrantur
1527 2829 1976 2890 adulescentuli
2019 2831 2357 2890 miserandi
2400 2832 2700 2891 lacrimae

451 2937 815 3003 nocturnae,
878 2930 1205 2992 tabescens
1274 2952 1525 3010 corpus,
1599 2932 1757 2992 oculi
1814 2932 2101 3005 marcidi,
2174 2933 2239 2990 in
2295 2932 2704 2992 solitudinem

452 3049 754 3104 secessus,
803 3051 1009 3090 secum
1051 3032 1244 3093 habiti
1289 3053 1635 3108 sermones,
1697 3034 1787 3093 nil
1832 3033 2105 3113 denique
2152 3053 2360 3092 eorum
2405 3034 2703 3094 omissum

451 3133 642 3192 fuisse
684 3133 994 3208 videmus,
1045 3152 1204 3213 quae
1247 3135 1315 3193 in
1361 3134 1703 3194 amantibus
1751 3155 2220 3195 commemorare
2265 3136 2453 3213 vulgo
2486 3136 2706 3195 solent

450 3235 696 3293 serioris
743 3235 982 3294 aetatis.
1009 3236 1222 3295 erotici
1266 3244 1535 3296 veteres.
1598 3245 1658 3296 et
1703 3257 1829 3296 nox
1875 3257 1995 3316 quo
2034 3236 2215 3297 modo
2248 3244 2427 3295 acuat
2457 3235 2701 3296 doloris

451 3335 724 3395 stimulos
783 3344 846 3395 et
911 3338 1244 3396 amantium
1296 3338 1561 3397 maxime
1628 3346 1853 3415 augeat
1919 3338 2243 3411 cruciatus,
2312 3338 2363 3396 is
2422 3337 2703 3397 omnium

452 3437 798 3494 communis
841 3437 1029 3496 locus.
1117 3439 1308 3519 Prop.
1353 3440 1446 3500 IV
1510 3445 1592 3513 17,
1652 3449 1745 3501 ll:
1815 3456 2037 3514 semper
2099 3443 2243 3497 enim
2308 3455 2513 3498 vacuos
2573 3458 2707 3498 ηοω

451 3539 634 3594 sobria
677 3545 896 3613 torquet
938 3547 1214 3610 amantes,
1265 3535 1276 3618 Ι
1322 3557 1559 3615 spesque
1611 3545 1879 3616 timorque
1933 3545 2178 3599 animum
2222 3547 2411 3598 versat
2453 3547 2707 3616 utroque

451 3641 626 3696 modo.
673 3638 754 3697 cf.
802 3639 919 3701 Ov.
966 3649 1108 3699 met.
1156 3642 1317 3701 VIII
1358 3648 1423 3703 81
1474 3663 1569 3722 sq.
1655 3642 1933 3702 Achilles
1981 3643 2123 3702 Tat.
2167 3644 2201 3703 I
2244 3650 2277 3705 6
2320 3642 2510 3701 multa
2553 3642 2703 3721 phi-

452 3740 839 3819 losophatur,
899 3761 1005 3800 cur
1059 3750 1243 3801 noctu
1300 3744 1496 3802 acrius
1526 3744 1899 3816 ‚crucientur
1954 3754 2259 3819 amantes,
2323 3763 2482 3824 quae
2528 3743 2703 3803 deri-

453 3849 598 3900 vata
652 3850 794 3902 sunt
852 3862 929 3902 ex
971 3843 1313 3905 Helid'doro
1359 3845 1392 3903 I
1434 3854 1471 3907 8
1526 3845 1660 3903 init.
1718 3845 1813 3903 cll.
1860 3846 1963 3904 III
2010 3854 2093 3907 15.
2180 3846 2443 3906 Nonnus
2496 3846 2703 3911 Dion.

453 3942 754 4003 XXXIII
795 3951 901 4008 263
942 3964 1080 4025 sqq.
1129 3945 1208 4005 de
1249 3945 1573 4006 Morrheo:

1442 4046 1861 4130 πολυφλοίσβῳ
1907 4043 1970 4107 δὲ
2012 4047 2269 4129 μερίμνῃ

757 4137 966 4222 τήκετο
1007 4145 1396 4226 Χαλκομέδης
1439 4144 1835 4225 μεμνημένος·
1882 4145 1949 4207 ἕν
1988 4140 2104 4228 γὰρ
2145 4139 2359 4232 ὁμίχλῃ

757 4239 1106 4326 θερμότεροι
1149 4244 1434 4327 γεγάασιν
1476 4244 1570 4308 ἆει
1616 4249 1951 4328 σπινθῆρες
1994 4242 2244 4329 ἐρώτων.
