2917 4992
1401 367 1482 380 ..-
1571 331 1656 394 80
1736 365 1821 378 ..-

795 511 1030 584 foedera
1047 552 1060 577 ,
1101 509 1334 582 populeo
1375 509 1628 578 suspirat
1668 507 1911 578 populus
1952 507 2067 560 ictu
2082 547 2097 572 ,

800 619 852 667 et
887 613 1107 684 platani
1137 611 1386 682 platanis
1429 611 1663 680 alnoque
1706 607 1961 662 adsibilat
2002 607 2187 662 alnas.

495 739 824 797 Nonnus
868 735 1135 794 XXXII
1175 742 1246 796 86
1289 753 1426 813 sqq.

800 856 902 920 καὶ
946 853 1162 940 κρόκος
1205 853 1521 936 ἐβλάστησε
1564 856 1733 928 Κίλιξ
1777 852 1879 914 καὶ
1925 847 2134 931 ἐφύετο
2177 856 2381 932 μῖλαξ,

799 956 984 1037 θήλεϊ
1023 949 1074 1017 δ’
1125 951 1342 1036 ἄρσενα
1385 954 1586 1034 φύλλα
1626 954 1941 1016 συνέπλεκε
1982 955 2202 1035 γείτονι
2244 955 2415 1039 ποίῃ,

801 1057 902 1122 οἷα
945 1055 1151 1122 πόθου
1194 1061 1416 1120 πνείων
1460 1057 1561 1118 καὶ
1608 1055 1672 1118 ἐν
1712 1051 1967 1117 ἄνθεσιν
2010 1047 2194 1135 ἆβρὸς
2236 1045 2507 1134 ἀκοίτης,

801 1162 903 1224 καὶ
947 1160 1109 1241 λέχος
1150 1155 1503 1239 ἆμφοτέρων
1548 1155 1860 1237 ἐπεκόσμεε
1904 1155 2143 1230 διπλόος
2184 1149 2407 1238 ὅρπηξ,

801 1267 971 1341 Ζῆνα
1012 1258 1222 1346 κρόκῳ
1255 1257 1529 1335 πυκάσας
1571 1259 1673 1321 καὶ
1716 1261 1919 1338 μίλακι
1964 1254 2268 1339 σύγγαμον
2290 1253 2522 1339 ”Ηρην·

803 1365 904 1424 καὶ
953 1355 1099 1437 Διὸς
1143 1357 1286 1438 ὀξὺν
1330 1363 1518 1442 ἔρωτα
1561 1355 1814 1440 νοήμονι
1860 1361 2092 1424 δείκνυε
2136 1364 2275 1444 σιγῇ

803 1462 1056 1545 ἱμερόεις
1100 1460 1419 1546 ναρκισσος
1466 1458 1867 1544 ἐπιθρώσκων
1910 1456 2199 1544 ἀνεμώνη.

500 1598 578 1656 ef.
625 1596 857 1657 ibidem
899 1597 1060 1657 XVI
1103 1605 1414 1659 270—291.
1464 1603 1525 1653 et
1566 1593 1758 1653 XLII
1800 1603 1897 1654 301
1946 1614 2039 1673 sq.

803 1711 973 1798 ἠνίδε
1017 1725 1144 1794 πῶς
1187 1711 1488 1791 ’ὑάκινθος
1532 1715 1795 1798 ἐπέτρεχε
1838 1717 2057 1797 γείτονι
2102 1715 2327 1802 μύρτω,

801 1825 927 1895 πῶς
969 1816 1151 1904 γελᾶᾳ
1195 1817 1517 1901 νάρκισσος
1562 1815 1955 1900 ἐπιθρώσκων
1998 1810 2310 1901 ἀνεμώνη·

502 1953 780 2013 eiusdem
822 1955 1107 2011 versuum
1150 1952 1283 2010 XII
1330 1955 1623 2014 122—137
1666 1950 1912 2008 ultimos
1957 1957 2195 2008 tantum
2240 1949 2694 2028 proponimus:

803 2075 903 2136 καὶ
948 2059 1119 2148 πίτυς
1161 2069 1444 2147 αἰάζουσα
1487 2073 1855 2153 συνέμπορος
1899 2065 2063 2148 ἥλικι
2109 2068 2305 2157 πεόκῃ

803 2176 1117 2238 λεπταλέον
1161 2171 1523 2254 ψιθύριζεν·
1568 2169 1967 2256 ἆκερσεκόμου
2013 2172 2076 2237 δὲ
2119 2173 2221 2235 καὶ
2265 2165 2417 2252 αὐτὴ

806 2279 1043 2356 Φοίβου
1089 2277 1336 2357 δένδρον
1379 2277 1557 2338 ἐοῦσα
1602 2272 1793 2356 κόμην
1836 2269 2182 2338 ἀπεσείσατο
2231 2270 2429 2352 δάφνη

802 2378 1159 2453 πενθαλέοις
1187 2371 1448 2457 ἀνέμοις,
1497 2371 1717 2458 λιπαρὴ
1764 2371 1817 2437 δ’
1868 2373 2122 2457 ἄτμητος
2166 2375 2332 2454 ἐλαίη

803 2474 999 2560 φύλλα
1043 2479 1224 2559 χαμαὶ
1269 2479 1563 2558 κατέχευε,
1608 2478 1710 2540 καὶ
1753 2479 1809 2540 εἰ
1848 2472 2039 2556 φυτὸν
2084 2465 2188 2558 ἦεν
2224 2471 2509 2557 Ἀθήνης.

499 2612 784 2672 similiter
829 2609 1091 2672 Ovidius
1135 2621 1276 2672 met.
1323 2611 1422 2670 XI
1470 2617 1537 2674 45
1582 2632 1676 2690 sq.

806 2749 861 2799 te
904 2744 1069 2816 riyidi
1107 2745 1304 2810 silices,
1355 2747 1409 2798 te
1452 2742 1709 2798 carmina
1750 2757 1921 2814 saepe
1962 2745 2190 2796 secutae

796 2845 1075 2914 fleverunt
1117 2846 1305 2912 silvae,
1337 2844 1546 2915 positis
1591 2847 1645 2898 te
1684 2832 1983 2914 frondibus
2027 2843 2195 2898 arbos

803 2921 958 2998 tonsa
1005 2961 1216 2999 comam
1262 2946 1427 3000 laxit.

503 3043 716 3122 quales
759 3061 974 3102 versus
1021 3051 1166 3123 apte
1211 3043 1330 3102 iam
1373 3043 1701 3103 traducere
1745 3052 2005 3122 possent
2050 3044 2130 3103 ad
2179 3044 2310 3105 eius
2354 3042 2522 3103 modi
2570 3045 2759 3104 fabu-

499 3146 624 3218 laS,
689 3145 886 3225 qualis
935 3153 1028 3204 est
1069 3144 1380 3224 Phyllidis
1427 3165 1465 3203 a
1512 3145 1889 3206 Callimacho
1946 3148 2011 3204 in
2058 3146 2234 3205 aetiis
2282 3145 2599 3205 celebrata
2647 3149 2759 3206 vel

504 3255 655 3306 nota
698 3246 808 3305 illa
856 3247 934 3306 de
981 3247 1297 3307 arboribus
1342 3247 1409 3306 in
1457 3248 1685 3306 tumulo
1733 3247 2062 3306 Protesilai
2118 3248 2355 3327 positis.
2446 3257 2511 3306 at
2566 3247 2758 3308 hisce

501 3333 751 3426 quislem
796 3368 961 3406 nune
1007 3348 1443 3408 abstinendum
1491 3358 1617 3422 est,
1667 3369 1800 3408 cum
1846 3348 1926 3408 ad
1972 3349 2203 3408 maiora
2248 3348 2505 3422 ducant,
2554 3369 2761 3429 quam

502 3467 660 3527 quae
705 3451 771 3506 in
815 3458 1172 3510 transcursu
1217 3449 1408 3528 digna
1453 3470 1599 3509 eura
1643 3450 1888 3530 possint
1933 3451 2252 3530 explicari.

626 3537 632 3541 Α
670 3548 856 3628 Quod
889 3549 1298 3612 Callimachus
1329 3553 1690 3610 memoravit
1720 3541 2122 3630 φυλλόρροιαν
2144 3560 2212 3610 ut
2241 3552 2481 3630 signnm
2512 3553 2757 3614 amoris

501 3650 810 3724 arborum,
869 3651 935 3710 in
996 3672 1068 3710 eo
1127 3653 1456 3732 singularis
1516 3653 1831 3731 elegantia
1883 3655 2093 3714 inesse
2151 3651 2415 3712 videtur.
2506 3655 2757 3714 etenim

499 3755 550 3812 si
595 3755 692 3812 eui
736 3753 901 3812 inter
941 3753 1495 3814 commissationem
1539 3775 1765 3814 corona
1812 3756 1999 3834 capiti
2042 3752 2758 3834 impositaxdemittebat

500 3856 650 3914 folia
693 3855 993 3928 marcida,
1041 3856 1204 3914 hune
1250 3855 1651 3934 conligebant
1694 3857 1915 3916 amoris
1960 3856 2207 3934 ignibus
2248 3856 2487 3916 torreri.
2508 3852 2555 3932 ¹)
2657 3859 2755 3916 sie

502 3935 908 4017 callimachus
958 3958 1152 4036 epigr.
1197 3958 1450 4017 XLIII:

635 4192 676 4257 ¹)
713 4194 801 4244 Cf.
838 4193 1146 4245 Beckerum
1184 4191 1431 4245 Charikl.
1470 4195 1497 4246 Ι
1535 4207 1586 4259 p.
1626 4194 1753 4261 240,
1801 4196 2119 4250 Iakobsium
2168 4194 2237 4247 ad
2284 4193 2435 4248 anth.
2474 4196 2569 4247 Gr.
2611 4203 2752 4251 tom.

501 4275 578 4330 VI
614 4293 664 4342 p.
699 4279 818 4326 265.
