2917 4992
1054 331 1476 396 -61-

323 505 420 566 Ad
465 525 789 578 summam,
861 513 1223 583 argumenta
1278 505 1397 564 ista
1453 525 1659 586 neque
1718 507 1867 566 novi
1924 507 2247 586 quicquam
2306 507 2385 566 de

179 607 482 688 Cydippae
513 606 726 666 fabula
755 627 868 666 nos
902 605 1243 667 docuerunt
1273 627 1481 687 neque
1522 606 1775 668 aliunde
1808 608 2095 667 conclusa
2126 607 2387 687 probata

178 729 270 767 sua
311 709 666 768 auctoritate
709 717 972 788 possunt
1017 710 1394 769 confirmare.
1487 728 1606 789 quo
1652 708 1847 787 magis
1893 710 2258 789 quaestione
2306 709 2383 769 de

173 811 280 868 fide
321 819 502 889 atque
549 809 789 888 origine
837 831 1046 870 eorum
1090 819 1587 890 argumentorum
1630 810 2123 888 interponenda,
2171 831 2305 871 cum
2349 831 2386 869 a

176 913 466 990 proposito
513 919 874 988 argumento
921 911 1002 970 ad
1048 932 1147 971 res
1193 913 1442 992 penitus
1486 913 1637 972 alias
1684 931 1797 970 nos
1829 911 2167 971 abductura
2201 921 2383 987 esset,

175 1015 316 1070 hanc
359 1013 838 1092 disputationem
882 1013 1333 1093 interrumpere
1381 1024 1444 1072 et
1475 1013 1805 1072 retardare
1850 1014 2177 1074 noluimuS.

321 1116 494 1174 Haec
547 1123 875 1194 postquam
928 1116 1379 1194 supplevimuS,
1448 1115 1572 1173 iam
1622 1114 1890 1175 redimus
1966 1115 2044 1174 ad
2109 1115 2382 1176 Aristae-

172 1224 377 1274 netum.

323 1317 541 1376 Statim
607 1319 823 1394 igitur,
893 1318 1152 1392 Aconti,
1220 1327 1288 1377 ut
1351 1317 1565 1378 vidisti
1630 1319 1695 1376 in
1760 1319 2090 1379 Artemisio
2156 1319 2383 1378 seden-

173 1427 278 1476 tem
323 1418 712 1498 Oydippam‚
775 1417 1020 1498 Cupido
1077 1410 1176 1476 ἆεί
1216 1440 1382 1490 τινας
1425 1411 1796 1493 παραδόξους
1840 1413 2109 1496 μηχανὰς
2153 1417 2383 1480 διαπλέ-

171 1540 304 1592 κων,
347 1507 608 1578 ὑπέθετό
652 1536 744 1577 σοι
801 1514 1160 1594 καινοτάτην
1203 1514 1448 1596 βουλήν,
1495 1513 1643 1597 τάχα
1686 1540 1803 1578 που
1846 1517 1911 1579 τὸ
1956 1513 2064 1579 σὸν
2106 1515 2381 1598 αἰδούμε-

171 1639 254 1689 νος
305 1613 538 1690 κάλλος.
634 1622 790 1680 haec
853 1623 975 1680 iam
1047 1622 1358 1681 Mercerus
1433 1642 1566 1680 cum
1641 1623 1947 1682 simillima
2007 1626 2383 1702 comparavit

171 1722 425 1781 Platonis
486 1723 604 1781 hac
661 1725 975 1783 sententia
1033 1744 1231 1804 symp.
1294 1723 1529 1782 XXIII
1586 1733 1690 1787 203
1721 1724 1793 1783 d:
1862 1713 2011 1782 κατὰ
2056 1712 2107 1779 δ’
2158 1708 2237 1782 αὖ
2280 1715 2381 1782 τὸν

171 1820 362 1900 πατέρα
414 1818 734 1901 ἐπίβουλός
791 1811 948 1882 ἒότιν
1013 1815 1254 1904 (Ἑρως)
1317 1829 1438 1896 τοῖς
1494 1827 1697 1896 καλοῖς
1760 1821 1860 1882 καὶ
1926 1829 2047 1896 τοῖς
2103 1817 2381 1904 ἀγαθοῖς,

172 1917 416 2002 ἀνδρεῖος
497 1915 584 1983 ὢν
656 1923 756 1983 καὶ
835 1925 966 2002 ἴτης
1021 1924 1122 1985 καὶ
1195 1920 1511 2000 σύντονος,
1586 1917 1885 2004 θηρευτὴς
1958 1921 2183 2002 δεινός,
2268 1915 2387 1986 ἆεί

172 2047 365 2098 τινας
440 2024 740 2086 πλέκων
811 2022 1184 2106 μηχανάς,
1243 2025 1343 2086 καὶ
1416 2019 1761 2106 φρονήσεως
1833 2022 2206 2106 ἐπιθυμητὴς
2278 2027 2380 2089 καὶ

173 2121 428 2205 πόριμος,
515 2129 866 2203 φιλοσοφῶν
937 2122 1034 2189 διὰ
1093 2119 1311 2200 παντὸς
1381 2129 1490 2188 τοῦ
1552 2128 1722 2206 βίου,
1798 2121 1991 2201 δεινὸς
2062 2125 2207 2208 γόης
2279 2129 2379 2189 καὶ

173 2221 491 2307 φαρμακεύς
547 2227 649 2288 καὶ
693 2225 999 2305 σοφιστής,
1087 2232 1264 2293 vides
1309 2233 1447 2310 ipsa
1491 2232 1710 2310 partim
1757 2231 2135 2292 Aristaeneti
2190 2233 2382 2293 verba

175 2351 200 2389 e
235 2334 493 2392 Platone
555 2353 690 2392 esse
743 2335 1134 2412 transcripta.
1226 2333 1336 2392 sed
1392 2353 1543 2392 cave
1600 2332 1930 2392 concludas
1988 2333 2167 2408 inde,
2238 2355 2379 2394 sen-

170 2435 403 2493 tentiam
472 2443 663 2493 totam
730 2434 808 2494 de
874 2456 983 2494 suo
1051 2434 1369 2494 addidisse
1439 2435 1803 2513 sophistam,
1871 2435 2053 2494 immo
2120 2436 2381 2495 eandem

169 2537 358 2612 procul
407 2535 592 2594 dubio
641 2533 1052 2596 Callimachus
1099 2536 1396 2596 adhibuit.
1486 2557 1631 2595 nam
1690 2545 1752 2596 et
1797 2537 2110 2596 contextui
2155 2539 2242 2596 ita
2288 2546 2380 2596 est

171 2645 293 2714 apta
336 2645 400 2696 et
445 2637 858 2712 convenienS,
903 2647 970 2697 ut
1012 2639 1226 2697 mirum
1271 2639 1462 2710 foret,
1512 2639 1563 2697 si
1611 2657 1743 2696 eam
1788 2657 1993 2715 paene
2037 2639 2193 2697 ultro
2240 2658 2377 2696 sese

172 2739 510 2798 offerentem
569 2746 758 2817 poeta
810 2740 1179 2817 sprevisset,
1241 2748 1303 2799 et
1357 2739 1615 2798 Latinus
1672 2747 1859 2816 poeta
1917 2738 2135 2797 eodem
2192 2739 2379 2797 utitur

175 2841 350 2901 colore
396 2841 530 2899 XX
574 2847 640 2902 27
687 2860 825 2920 sqq.

454 2969 506 3017 te
551 2962 690 3016 mihi
729 2964 1060 3034 οοηροείίἱε,
1106 2964 1158 3018 si
1200 2964 1338 3034 quid
1380 2968 1568 3018 tamen
1613 2964 1855 3035 eyimaS,
1902 2968 2029 3018 arte

553 3065 868 3119 adstrinxit
909 3065 1092 3120 verbis
1133 3067 1458 3138 inqeniosus
1501 3057 1752 3138 Amor-¹).

451 3166 676 3221 dictatis
720 3167 790 3221 ab
835 3181 900 3222 eo
940 3165 1063 3238 feci
1101 3168 1394 3237 sponsalia
1440 3167 1655 3233 verbis,

551 3269 918 3339 consultoque
955 3266 1056 3339 fai
1097 3270 1242 3324 iaris
1285 3267 1497 3324 Amore
1541 3266 1727 3338 vafer.

177 3434 350 3485 nullius
387 3435 491 3485 illa
529 3434 675 3500 preti
713 3438 855 3485 sunt.
905 3434 1224 3499 speciminis
1259 3433 1384 3484 loco
1419 3447 1796 3494 commemoro,
1840 3433 1983 3498 quod
2017 3434 2075 3483 in
2113 3433 2230 3486 cod.
2259 3433 2381 3484 Gis-

177 3521 297 3568 sensi
329 3537 382 3570 n.
411 3522 480 3570 66
514 3519 644 3568 olim
669 3518 1008 3568 Menteliano
1045 3533 1194 3570 saec.
1219 3519 1346 3568 XIV
1369 3518 1649 3583 vergentis
1688 3518 2039 3584 glossematis
2080 3519 2148 3568 ab
2188 3519 2381 3569 eadem

179 3617 264 3666 qua
295 3606 468 3656 verba
491 3607 694 3670 poetae
729 3619 895 3652 manu
931 3605 1154 3668 seriptis
1191 3603 1414 3669 oppleto
1451 3603 1548 3666 (cf.
1576 3604 1803 3653 Adriani
1840 3604 2009 3654 catal.
2046 3604 2178 3653 bibl.
2220 3603 2381 3653 acad.

179 3685 295 3738 Giss.
331 3707 380 3754 p.
407 3691 474 3740 20
499 3704 580 3753 sq.
619 3692 674 3738 et
708 3689 1065 3738 Welckerum
1102 3688 1178 3738 kl.
1219 3688 1371 3741 Schr.
1399 3689 1455 3738 11
1491 3704 1544 3753 p.
1572 3690 1668 3739 117
1695 3704 1769 3753 n.,
1809 3689 1899 3753 qui
1934 3692 2118 3738 tamen
2154 3688 2380 3736 nimium

179 3772 345 3822 tribuit
395 3773 498 3824 vili
550 3773 681 3822 huic
735 3772 898 3836 libro)
955 3773 1225 3838 epistulae
1261 3773 1363 3822 XX
1418 3774 1771 3822 summarium
1827 3776 1935 3834 est,
1986 3787 2091 3835 quo
2130 3770 2381 3836 Cydippa

179 3859 547 3909 sanctimonialis
583 3857 757 3908 fuisse
794 3858 1014 3907 dicitur.
1087 3857 1310 3907 scilicet
1346 3857 1414 3906 ob
1465 3873 1551 3922 ep.
1584 3857 1685 3906 XX
1718 3857 1834 3909 204.
1896 3860 2139 3905 ceterum
2188 3855 2377 3906 eodem
2468 3899 2470 3901 ,

179 3937 278 3990 loco
309 3943 421 3992 iam
457 3942 686 4007 legitur:
726 3979 738 3992 .
769 3981 780 3994 .
808 3981 820 3994 .
857 3945 1056 4007 accepit
1105 3958 1300 4006 pomum
1350 3943 1404 3990 in
1455 3958 1554 4006 quo
1606 3943 1732 3991 istos
1780 3957 1957 3990 versus
2006 3942 2216 4004 scripsit
2266 3942 2379 3991 iuro

181 4024 251 4073 tibi
285 4043 406 4077 sane
447 4043 549 4092 per
591 4028 785 4076 mistica
827 4042 982 4076 sacra
1025 4017 1213 4077 dianae
1256 4042 1332 4077 me
1377 4026 1469 4076 tibi
1499 4033 1757 4075 venturam
1792 4027 2014 4075 comitem
2046 4039 2381 4090 sponsamque

178 4106 392 4166 suturam.
434 4111 509 4160 cf.
535 4109 742 4159 Antoni
765 4110 954 4160 Volsci
979 4125 1185 4177 argum.
1217 4125 1303 4175 ep.
1330 4111 1428 4159 XX
1468 4114 1525 4160 et
1546 4109 1966 4158 Boissonadium
2006 4109 2075 4158 ad
2102 4109 2383 4161 Aristaen.

211 4229 220 4240 .
251 4197 357 4247 364.

180 4207 206 4254 p
291 4278 328 4342 ¹)
367 4281 426 4330 Si
458 4282 587 4346 quid
617 4288 780 4330 tamen
815 4282 1001 4345 effimus
1035 4298 1066 4331 a
1100 4297 1174 4330 me
1205 4280 1378 4329 habet
1412 4281 1742 4332 PuteaneuS.
1784 4281 1841 4329 in
1878 4281 2073 4345 quibus
2098 4281 2266 4346 iunge
2290 4281 2378 4331 vel
