2917 4992
175 516 362 556 suam
405 495 830 555 narrationem
877 494 1230 556 distinxerit
1271 496 1376 554 vix
1421 515 1493 554 ac
1538 515 1619 554 ne
1664 496 1769 554 vix
1816 495 2063 574 quidem
2110 495 2429 556 dubitave-

173 599 314 658 rim.
413 607 604 678 atque
651 617 860 656 eorum
904 597 1166 657 fortasse
1211 598 1511 676 ipsorum,
1577 596 1797 676 quibus
1844 597 2106 658 eandem
2149 618 2277 656 rem
2322 599 2428 659 ille

179 708 554 779 persecutus
586 707 736 774 erat,
769 697 1064 759 habemus
1094 699 1370 758 frustum.
1417 719 1561 758 nam
1594 697 2058 759 Choeroboscus
2087 701 2151 758 in
2184 700 2427 760 Theod.

183 823 327 861 can.
377 823 440 881 p.
496 811 574 875 15,
624 812 722 863 ll:
779 792 946 858 ἄλλοι
994 795 1056 858 δὲ
1102 795 1386 878 λέγουσιν,
1433 791 1524 857 ’ότι
1571 789 1669 858 δια
1711 799 1885 858 τοῦτο
1928 796 2061 873 περὶ
2107 801 2233 860 τῶν-
2269 799 2350 872 εἰς
2393 817 2429 859 σ

183 897 496 980 ληγόντων
536 901 772 978 πρῶτον
820 893 1245 978 διαλαμβάνει,
1293 891 1497 977 ἐπειδὴ
1541 890 1612 960 τὰ
1655 899 1736 972 εἰς
1779 919 1813 959 σ
1857 895 2112 980 λήγοντα
2160 899 2424 979 δυσχερέ-

185 997 368 1084 στεροὲ
412 1001 523 1062 εἰσι
567 1003 689 1062 τῶν
732 1001 812 1074 εἰς
857 1024 922 1076 ν,
967 1002 1028 1077 ξ,
1075 1023 1108 1080 ρ
1123 1044 1142 1078 ,
1188 1015 1240 1078 ψ
1284 996 1614 1082 ληγόντων,
1672 993 1876 1080 ἐπειδὴ
1932 993 2081 1062 κατὰ
2136 993 2241 1062 τὸν
2284 1021 2427 1082 συγ-

186 1101 423 1184 γραφέα
477 1103 856 1180 Θουκυδίδην
903 1094 1254 1184 ει>’ἔρχόμ,.ενοι
1298 1094 1517 1176 πάντες
1558 1092 1833 1180 ὀξύτερον
1878 1097 2424 1184 διαλαμβάνονται’.

189 1204 291 1266 καὶ
341 1207 713 1286 Καλλίμαχος
759 1203 822 1266 δὲ
865 1197 931 1266 τό
974 1197 1122 1266 αὐτὸ
1165 1205 1338 1265 τοῦτο
1386 1202 1537 1283 λέγει

679 1335 996 1420 ἀρχόμενοι
1039 1341 1261 1420 μανίην
1305 1334 1593 1418 ὀξυτάτην
1639 1339 1862 1421 ἔχομεν.
2443 1349 2503 1389 lx

188 1473 403 1537 τούτου
452 1471 626 1558 χάριν
669 1467 788 1537 &aad
833 1479 954 1536 τῶν
999 1475 1463 1556 δυσχερεστέρων
1506 1477 1745 1557 πρῶτον
1786 1469 2021 1555 ἤρξατο,
2066 1477 2169 1538 ἴνα
2208 1475 2274 1538 ἕν
2303 1471 2427 1563 ’ὅσῳ

191 1577 302 1639 εἰσὶ
348 1573 660 1658 πρόθυμοι
700 1579 766 1639 οἱ
802 1577 928 1638 νέοι
969 1573 1248 1656 μάθωσιν
1293 1568 1466 1639 αὐτά.

358 1699 571 1760 Audin
627 1699 906 1780 lepidum
950 1699 1453 1778 grammatistam,
1520 1700 1624 1779 qui
1672 1698 2111 1759 Callimachum
2157 1703 2426 1780 aliquem

194 1802 339 1862 facit
377 1800 912 1880 ludimagistrum?
985 1808 1049 1860 at
1091 1803 1271 1861 istum
1312 1822 1460 1861 vero
1509 1809 1768 1882 apparet
1809 1800 2217 1880 fragmentum
2258 1803 2424 1882 apud

195 1903 375 1962 alium
404 1905 614 1964 nescio
649 1897 832 1984 quem
861 1905 1218 1983 scriptorem
1248 1903 1495 1964 obvium
1526 1903 1857 1983 arripuisse
1888 1923 2183 1984 suamque
2228 1905 2421 1984 ipsius

195 2006 282 2064 illi
311 2006 890 2085 interpretationem
919 2005 1304 2085 Thucydidis
1340 2005 1669 2066 verborum
1715 2014 1973 2065 externa
2018 2006 2421 2067 similitudine

199 2106 520 2186 deceptum
563 2106 938 2167 adhibuisse.
1012 2127 1156 2166 nam
1201 2129 1449 2187 prorsus
1497 2107 1741 2167 diversa
1784 2108 1933 2166 insit
1974 2109 2287 2166 sententia
2317 2129 2423 2168 ne-

205 2228 369 2268 cesse
419 2217 541 2284 est,
607 2209 838 2289 quippe
885 2229 1018 2268 cum
1063 2208 1246 2284 μανία
1290 2231 1417 2269 non
1464 2209 1543 2268 sit
1588 2211 1768 2267 ardor
1824 2208 1937 2294 sed
1982 2209 2185 2287 potius
2227 2211 2423 2282 furor,

205 2319 264 2368 et
307 2310 467 2390 apud
500 2309 964 2370 Alexandrinos
1012 2309 1263 2390 quidem
1308 2318 1527 2391 poetas
1574 2311 1934 2391 plerumque
1965 2310 2187 2370 amoris
2234 2310 2420 2387 furor,

207 2413 354 2471 sicut
391 2414 570 2487 furor
625 2410 988 2473 vocabulum
1055 2412 1222 2473 nude
1288 2414 1557 2492 positum
1622 2411 1788 2471 idem
1853 2413 2013 2471 solet
2079 2413 2425 2491 significare

206 2513 363 2592 apud
403 2514 660 2573 Latinos
715 2522 953 2593 poetas.
1041 2534 1254 2573 verum
1298 2514 1456 2573 nihil
1499 2523 1648 2594 puto
1694 2535 1875 2573 versu
1917 2514 2021 2573 illo
2070 2514 2201 2573 fieri
2250 2523 2425 2592 pote·

207 2614 282 2672 rit
335 2623 475 2694 apte
536 2616 863 2694 minusque
936 2614 1161 2693 frigide
1235 2613 1633 2693 explicandO,
1706 2617 1757 2674 si
1813 2615 2061 2694 quidem
2129 2617 2425 2673 intactum

209 2715 622 2796 relinquemus.
643 2712 695 2793 ¹)
759 2725 820 2776 et
863 2718 931 2774 ni
975 2716 1156 2775 fallor
1200 2717 1515 2776 lenissima
1562 2715 1718 2774 haec
1762 2715 2115 2774 adhibenda
2161 2727 2251 2776 est
2297 2736 2425 2775 cor-

213 2818 412 2878 rectio:

680 2894 995 2980 ἀρχόμενοι
1040 2901 1263 2979 μανίην
1307 2890 1596 2978 ὀξυτάτην
1642 2897 1921 2980 ἕχέμεν.2)

221 3037 361 3114 quod
413 3039 464 3098 si
519 3039 608 3098 ita
669 3050 794 3113 est,
851 3037 1044 3099 habes
1103 3059 1261 3120 quae
1318 3040 1547 3118 optime
1615 3039 2040 3118 respondeant
2097 3038 2423 3099 Ovidianis

223 3147 340 3197 nota
378 3148 538 3198 certa
579 3141 828 3216 furori&
2374 3127 2392 3138 ‘

317 3235 491 3301 ‘Iam
547 3244 768 3302 misero
824 3242 1126 3302 Acontius
1187 3241 1498 3302 desiderio
1560 3242 1842 3321 exemplo
1901 3250 2111 3320 captus
2170 3250 2235 3300 et
2277 3241 2425 3321 quid

223 3340 428 3403 faceret
470 3345 738 3404 haerens
786 3344 1142 3425 Cydippam
1185 3346 1464 3425 sequitur
1508 3345 1574 3402 in
1620 3345 1866 3403 Dianae
1908 3342 2206 3422 templum
2248 3344 2425 3404 rede·

222 3452 420 3504 untem.
509 3444 614 3505 ubi
673 3465 806 3506 cum
867 3456 1030 3506 esset
1089 3441 1524 3522 προκαθημένη
1579 3466 1824 3525 pomum
1884 3445 2091 3505 furtim
2135 3447 2243 3506 ille
2289 3468 2428 3526 pro-

223 3545 386 3605 volvit
415 3548 495 3607 ad
528 3548 868 3607 nutriculae
899 3547 1116 3627 pedes.
1176 3548 1456 3607 nimirum
1491 3545 1785 3628 Cydippa
1817 3548 1960 3628 quia
2004 3547 2426 3627 splendido

222 3664 482 3722 genere
510 3658 642 3708 erat
672 3651 834 3708 inter
863 3650 1158 3729 primores
1191 3649 1466 3726 virgines
1499 3649 1775 3722 sedebat,
1812 3659 1874 3710 et
1903 3671 2031 3708 non
2064 3650 2246 3710 aliam
2277 3659 2427 3729 puto

227 3781 362 3792 a.
373 3788 592 3793 ——..

337 3849 374 3912 ¹)
417 3851 496 3902 Ac
533 3850 765 3902 mirifice
804 3850 974 3917 frig‘et
1007 3851 1396 3916 interpretatio
1434 3850 1501 3905 Ο.
1542 3851 1865 3901 Schneideri
1914 3849 2163 3916 prolegg.
2212 3851 2268 3899 in
2316 3852 2427 3900 aet.

222 3935 346 3992 p.1‘1
379 3935 518 3986 haec
558 3936 629 3986 ad
654 3934 887 3986 Achillis
923 3933 1100 4000 μῆνιν
1135 3937 1471 3986 revocantis,
1542 3951 1646 3986 nec
1684 3936 1767 3985 ita
1799 3939 1861 3984 ut
1896 3933 1992 3984 ille
2029 3934 2149 3985 vult
2184 3924 2422 4000 ἀρχόμε-

221 4030 296 4066 νοι
327 4021 502 4086 accipi
537 4025 736 4086 potest.

333 4101 374 4167 ²)
407 4105 609 4155 Forma
645 4096 846 4170 ἐχέμεν
883 4105 1174 4157 adhibetur
1208 4104 1274 4155 Il.
1313 4106 1364 4154 Δ
1397 4106 1517 4166 302,
1556 4101 1605 4154 Ε
1637 4104 1757 4165 492,
1798 4104 1833 4152 Ι
1862 4103 1988 4166 708,
2030 4101 2093 4151 Ν
2124 4105 2184 4167 2,
2228 4103 2279 4154 T
2313 4104 2427 4156 148.

208 4199 376 4250 -ncque
409 4189 753 4240 Callimacho
789 4190 1145 4240 inconsuetus
1183 4190 1273 4239 hic
1308 4189 1635 4239 infinitivus.
1707 4187 1781 4238 cf.
1817 4187 1875 4238 in
1909 4189 2027 4239 Iov.
2052 4189 2137 4242 81.
2174 4189 2233 4238 in
2258 4188 2429 4241 Dian.

221 4269 322 4320 251.
356 4273 455 4339 frg.
494 4276 616 4337 110,
653 4277 700 4324 2.
740 4275 856 4328 268.
894 4276 1010 4326 305.
