2917 4992
1388 327 1805 389 *46*

479 495 632 580 εἶχεν
687 493 887 578 ἰσχυος
939 492 1384 577 προσελκύσας
1403 489 1477 558 τοὶ
1530 493 1667 572 τόξα
1709 491 2087 576 σφοδρότατα
2132 494 2378 577 διέφηκε
2422 520 2489 560 το
2532 497 2749 578 βέλος.

481 606 821 704 comparari
865 612 1076 684 potest
1121 603 1311 664 Ovidi
1357 623 1571 663 versus
1628 622 1777 662 rem.
1824 611 1926 666 435
1971 623 2066 682 sq.
2126 604 2397 662 adtrahat
2437 607 2533 662 ille
2572 621 2751 678 puer

483 715 783 767 contentos
824 709 1042 782 fortius
1086 725 1263 765 arcus
1309 725 1362 765 e.
1413 726 1474 784 q.
1520 725 1569 765 s.
1617 704 1695 764 cf.
1740 703 1890 763 ibid.
1936 713 2060 768 702.

649 809 863 871 Voluit
909 816 1112 868 autem
1159 807 1403 888 Cupido
1452 808 1738 888 deperire
1769 807 2101 868 Acontium
2148 805 2564 886 Cydippae
2619 807 2747 868 de-

481 910 731 972 siderio.
809 930 998 992 quare
1054 911 1226 969 illam
1287 911 1549 990 primum
1602 909 1912 989 spectanti
1966 909 2230 968 iaculum
2286 929 2459 968 suum
2502 911 2747 984 infixit,

483 1035 666 1096 quem
710 1015 909 1073 locum
956 1033 1092 1073 eum
1136 1014 1268 1073 fere
1310 1014 1378 1072 in
1421 1011 1670 1073 modum
1716 1010 2131 1071 Callimachus
2177 1014 2553 1086 tractaverit,
2604 1035 2747 1093 quo

483 1117 748 1176 Nonnus
793 1117 984 1176 Dion.
1030 1115 1190 1176 XVI
1232 1122 1438 1179 8—13.
1515 1117 1761 1194 iamque
1807 1112 2051 1192 perdito
2098 1115 2303 1172 statim
2346 1133 2552 1172 amore
2596 1112 2747 1174 cor-

483 1226 695 1296 reptus
740 1227 823 1277 ut
864 1215 1073 1276 vidit
1113 1217 1497 1295 virginem
1542 1215 2079 1275 in'Artemisio
2125 1211 2749 1294 προκαθημένην

491 1319 807 1399 Cupidine
852 1320 990 1398 ipso
1037 1318 1464 1398 praecipiente
1496 1318 1885 1378 vaferrimam
1914 1317 2434 1378 machinationem
2464 1339 2747 1380 commo-

487 1423 630 1481 litus
679 1430 792 1481 est.
830 1454 914 1462 —
959 1422 1024 1478 in
1069 1421 1164 1479 his
1199 1419 1631 1480 Aristaenetus
1679 1419 2182 1499 perincommoda
2230 1419 2481 1479 dicendi
2526 1421 2750 1480 brevi-

483 1532 613 1582 tate
644 1524 853 1582 utitur.
916 1524 1200 1582 nimirum
1244 1523 1454 1582 rhetor
1497 1523 1615 1580 iste
1652 1529 1924 1580 extrema
1969 1529 2208 1580 tantum
2238 1521 2485 1582 fabulae
2531 1525 2748 1583 linea-

484 1633 696 1685 menta
729 1623 1034 1704 quaedam
1065 1623 1362 1683 subitaria
1394 1644 1587 1704 opera
1618 1624 1903 1708 arripuit,
1954 1625 2115 1682 circa
2146 1643 2252 1684 eos
2283 1625 2449 1685 solos
2479 1625 2753 1684 uberior

483 1729 681 1801 locos,
733 1728 839 1808 qui
883 1726 1218 1786 veneribus
1265 1727 1388 1787 suis
1436 1729 1638 1806 ipsum
1683 1745 1835 1806 prae
1884 1727 2105 1785 ceteris
2144 1735 2468 1806 caperent.
2530 1728 2749 1788 veluti

481 1829 798 1889 liberalior
855 1837 950 1888 est
1003 1829 1069 1888 in
1129 1828 1456 1890 reddendo
1503 1828 1731 1887 Aconti
1776 1847 2059 1888 sermone
2106 1831 2421 1889 amatorio.
2512 1838 2750 1890 contra

486 1933 680 2010 plane
723 1930 974 2003 recidit,
1021 1940 1088 1990 ut
1134 1931 1256 1990 alia
1301 1951 1467 1990 nunc
1510 1931 1772 2004 mittam,
1802 1947 1805 1951 ·
1836 1949 2046 1990 omnes
2091 1932 2363 1991 locorum
2409 1941 2471 1991 et
2515 1952 2747 2011 perso-

484 2053 700 2091 narum
758 2031 1185 2106 definitioneS,
1247 2053 1398 2113 quas
1445 2031 1854 2093 Callimachus
1915 2053 1993 2092 ex
2047 2053 2213 2092 more
2271 2055 2379 2094 suo
2438 2033 2622 2094 docte
2674 2046 2750 2095 et

495 2136 733 2194 curiose
782 2135 1126 2214 explicasse
1173 2135 1525 2195 credendus
1574 2143 1685 2194 est.
1774 2135 1861 2192 ita
1904 2136 2021 2194 isto
2070 2156 2315 2216 quoque
2362 2138 2496 2196 loco
2546 2158 2749 2216 quam

493 2245 682 2317 poeta
711 2239 1060 2297 inseruerat
1091 2219 1511 2297 narrationem
1540 2244 1730 2295 totam
1762 2237 2075 2315 oppressit
2105 2239 2530 2318 paraphrasta.
2594 2260 2749 2299 eam

491 2339 713 2416 igitur,
760 2347 829 2398 ut
872 2340 1238 2418 poterimus,
1286 2339 1409 2398 iam
1452 2339 1985 2398 reconcinnemuS.

657 2440 796 2498 Hac
844 2441 1007 2500 enim
1051 2443 1117 2501 in
1163 2449 1340 2520 parte
1372 2440 1623 2500 fabulae
1666 2441 2087 2516 lineamentis,
2140 2462 2299 2522 quae
2328 2443 2539 2502 Latini
2570 2453 2739 2522 poe·

486 2551 588 2601 tae
634 2561 884 2622 prorsus
954 2563 1031 2602 ex
1087 2552 1218 2603 arte
1265 2541 1581 2602 Ovidiana
1642 2543 1924 2623 epistulis
1980 2543 2206 2604 Aconti
2266 2544 2744 2625 Cydippaeque

497 2653 560 2705 et
600 2645 864 2705 maxime
912 2645 1159 2726 quidem
1203 2645 1371 2704 XXI
1412 2651 1694 2706 65—-114
1748 2647 2281 2725 interposuerunt,
2329 2647 2623 2725 religiose
2674 2658 2750 2708 et

485 2757 770 2808 accurate
816 2756 912 2808 est
967 2748 1294 2822 utendum,
1355 2749 1647 2828 quoniam
1704 2748 1799 2807 illi
1855 2749 1977 2827 ipsi
2021 2749 2233 2828 procul
2281 2749 2465 2808 dubio
2511 2769 2745 2809 secun-

488 2851 633 2936 dum
689 2849 1130 2910 Callimachum
1184 2851 1475 2937 religiose
1547 2859 1953 2930 accurateque
2012 2852 2216 2909 omnia
2271 2850 2741 2912 adumbrarunt.

489 2971 696 3032 neque
745 2952 910 3011 enim
962 2933 1155 3011 ullum
1213 2953 1584 3011 narrationis
1642 2961 2041 3026 momentum,
2090 2953 2211 3015 nisi
2256 2953 2309 3012 si
2357 2953 2521 3033 quod
2566 2955 2744 3014 forte

489 3074 623 3113 cum
687 3052 999 3113 scribendi
1059 3052 1307 3112 fictione
1370 3053 1774 3128 cohaerebat,
1845 3064 2172 3114 novamnt.
2251 3056 2417 3135 quod
2478 3055 2745 3135 quidem

489 3177 610 3236 quo
671 3157 871 3216 minus
931 3155 1330 3215 admitterent
1383 3157 1489 3215 vel
1547 3177 1619 3216 eo
1676 3156 2192 3236 prohibebantur,
2251 3156 2418 3238 quod
2474 3156 2739 3218 fabulae

487 3259 684 3348 forma
725 3279 842 3347 per
889 3257 1328 3320 Callimachum
1375 3278 1673 3338 expressa
1719 3267 1779 3318 et
1838 3259 2149 3320 celebrata
2194 3261 2460 3320 omnium
2502 3280 2745 3320 memo·

488 3360 618 3418 riae
664 3359 1056 3434 inhaerebat,
1103 3369 1171 3420 ut
1213 3361 1354 3419 huic
1400 3361 1521 3440 ipsi
1564 3361 1629 3419 in
1661 3361 1879 3439 vulgus
1926 3369 2114 3420 notae
2160 3381 2299 3422 suas
2346 3371 2744 3441 superstrue-

490 3469 631 3526 rent
679 3462 998 3540 epistulas.
1090 3471 1152 3522 et
1207 3464 1455 3522 omnino
1506 3462 1767 3523 Ovidius
1826 3483 1961 3522 cum
2004 3465 2129 3524 suis
2174 3465 2240 3522 in
2287 3465 2546 3543 singulis
2597 3467 2744 3544 epi-

488 3563 663 3624 stulis
722 3562 802 3621 ad
857 3563 1037 3622 unius
1095 3566 1357 3624 auctoris
1414 3567 1719 3625 rationem
1774 3574 1969 3624 totum
2012 3585 2149 3626 sese
2194 3567 2571 3646 applicuisse
2620 3588 2745 3646 pu-

487 3663 713 3724 tandus
748 3672 860 3724 est.
925 3685 1184 3746 eumque
1221 3667 1286 3724 in
1331 3650 1565 3727 duabus
1601 3668 1723 3726 illis
1762 3669 2040 3747 epistulis
2068 3668 2509 3728 Callimachum
2538 3669 2747 3730 fuisse

489 3767 888 3827 certissimum
947 3776 1058 3826 est.
1148 3769 1315 3827 cuius
1377 3769 1579 3847 elegia
1637 3790 1819 3849 quam
1876 3771 2101 3850 cupide
2147 3792 2184 3830 a
2240 3773 2605 3850 posteritate
2654 3773 2746 3831 sit

489 3870 768 3930 lectitata
814 3890 1118 3951 quamque
1165 3869 1568 3930 vehementer
1614 3871 1955 3946 celebrata,
2006 3881 2070 3936 et
2114 3871 2304 3932 Ovidi
2328 3851 2747 3934 ⁸demonstrat

487 4125 662 4173 virium
705 4127 984 4177 intentione
1029 4127 1304 4184 connixus,
1339 4133 1404 4176 ut
1441 4143 1561 4177 non
1605 4133 1777 4176 esset
1822 4126 2092 4190 amplius
2138 4129 2414 4178 iucunda
2446 4143 2581 4186 ree,
2620 4133 2751 4181 sed

489 4209 653 4258 dura
699 4217 759 4258 et
801 4213 1065 4260 molesta
1107 4227 1261 4260 arcu
1307 4213 1419 4260 uti.
1493 4209 1634 4261 talia
1680 4212 1730 4260 si
1775 4211 2095 4276 scripsisset
2134 4211 2543 4276 Callimachus,
2583 4220 2749 4264 esset

488 4307 624 4342 sane
661 4293 802 4344 homo
833 4295 1052 4358 puerilis
1087 4303 1137 4344 et
1173 4297 1376 4359 ineptus
1415 4293 1518 4361 (cf.
1557 4311 1819 4346 mnemos.
1858 4297 1909 4346 X
1944 4313 1997 4360 p.
2024 4295 2167 4362 391).
2242 4299 2301 4346 at
2336 4311 2446 4346 non
2482 4298 2742 4364 scripsit.
