2917 4992
1364 326 1784 394 ..28-

459 508 643 579 Lyda,
693 506 1116 562 Callimachi
1157 505 1494 578 Cydippe,
1541 505 2011 560 Hermesianactis
2052 503 2364 573 Leontium,
2408 504 2728 578 Propertii

459 608 706 681 Cynthia.
768 605 987 665 eodem
1031 625 1178 665 vero
1226 625 1423 677 anno,
1473 625 1593 683 quo
1636 605 1757 663 ista
1801 611 1944 664 sunt
1988 605 2243 683 scripta,
2290 605 2544 664 Buttm
2560 625 2657 664 an
2686 639 2716 650 -

459 727 594 767 nus
640 708 896 786 mythol.
929 708 997 766 II
1041 727 1105 786 p.
1147 717 1244 769 115
1290 727 1427 787 sqq.
1487 706 1734 765 inlustri
1780 706 2297 788 commentatione
2340 707 2715 768 memoriam

461 807 792 887 Cydippae
863 809 1206 867 renovavit.
1297 816 1360 865 at
1415 816 1623 866 tamen
1682 807 2144 866 recentissimae
2214 809 2434 867 aetatis
2502 809 2718 868 homi-

460 929 572 968 nes
608 908 816 968 doctos
845 909 1014 968 haud
1044 928 1270 988 paucos
1293 953 1306 980 ,
1342 909 1493 987 quin
1523 909 1723 986 ipsum
1752 905 2253 986 Bernhardyum,
2290 907 2367 966 de
2402 908 2718 989 Cydippa

461 1009 818 1069 Callimachi
863 1011 1079 1090 procul
1126 1029 1328 1069 errare
1375 1030 1446 1068 ac
1486 1011 1701 1086 vagari
1746 1008 1961 1082 vide0,
2012 1008 2177 1088 quod
2208 1009 2289 1068 ad
2328 1029 2455 1070 rem
2488 1010 2713 1070 denuo

460 1110 956 1190 pertractandam
984 1111 1149 1171 haud
1181 1110 1487 1170 mediocre
1521 1118 1652 1169 erat
1694 1110 2175 1169 incitamentum.
2238 1110 2350 1170 sed
2384 1111 2449 1168 in
2482 1113 2713 1189 primis

457 1213 576 1273 hoc
619 1233 714 1272 me
760 1212 1076 1286 movebat,
1138 1212 1302 1292 quod
1360 1212 1665 1290 permulta
1705 1210 1939 1270 habere
1984 1211 2131 1269 mihi
2185 1210 2474 1284 videbar,
2533 1233 2715 1291 quae

459 1322 601 1392 post
641 1315 1096 1382 'Buttmannum
1147 1314 1252 1371 vel
1307 1313 1605 1373 adderem
1660 1332 1823 1372 nova
1865 1313 2165 1392 utiliaque
2209 1314 2313 1372 vel
2358 1320 2715 1372 statuerem

459 1417 682 1474 rectius
732 1425 793 1475 et
837 1416 1204 1488 accuratiUS,
1255 1435 1386 1473 cum
1431 1414 1795 1494 praesertim
1838 1434 1956 1473 nec
2000 1415 2245 1492 singula
2273 1415 2379 1473 ille
2410 1413 2713 1474 subtilius

459 1524 818 1594 persecutus
867 1525 1048 1591 esset,
1099 1525 1159 1575 et
1203 1515 1352 1575 vero
1399 1517 1463 1574 in
1514 1536 1586 1575 eo
1633 1518 1789 1594 ipse,
1838 1516 1931 1574 cui
1964 1536 2254 1574 summam
2300 1515 2431 1574 fere
2461 1516 2705 1575 insum-

459 1619 586 1696 psit
640 1638 896 1696 operae,
955 1639 992 1676 a
1037 1639 1183 1677 vero
1230 1619 1376 1676 mihi
1419 1618 1607 1695 longe
1664 1616 1979 1677 videretur
2034 1615 2373 1676 aberrasse.
2479 1617 2714 1676 ducem

458 1737 606 1778 vero
652 1720 890 1779 itineris
938 1718 1103 1800 quod
1150 1739 1352 1780 sumus
1398 1720 1735 1796 ingressuri
1779 1738 2106 1798 sequemur
2148 1719 2633 1778 Aristaenetum.

629 2229 1015 2288 Narrationis
1046 2228 1520 2286 Aristaeneteae
1568 2243 1809 2286 cursum
1854 2227 2054 2286 multis
2084 2225 2282 2286 modis
2322 2219 2607 2286 mancum
2642 2237 2714 2288 et

458 2331 742 2389 inscitum
771 2331 823 2388 si
857 2330 990 2408 quis
1031 2328 1256 2387 iudicio
1303 2348 1448 2387 usus
1494 2328 1702 2407 paullo
1748 2328 2081 2392 intentiore
2127 2328 2547 2407 perlustrabit,
2606 2329 2707 2386 fa-

461 2432 578 2488 cile
625 2450 761 2488 eum
807 2430 1121 2503 advertet,
1185 2429 1523 2507 sophistam
1577 2429 1818 2488 initium
1864 2428 2195 2487 enarrandi
2242 2427 2317 2487 ab
2366 2429 2582 2488 eadem
2634 2451 2710 2488 re

461 2551 727 2604 sumere,
788 2533 854 2590 in
908 2550 1029 2610 qua
1075 2529 1333 2603 desinit,
1393 2531 1711 2608 nuptias
1775 2530 1911 2589 dico
1957 2529 2185 2590 Aconti
2232 2539 2293 2590 et
2339 2529 2707 2610 Cydippae.

457 2633 554 2692 his
600 2633 904 2712 principio
953 2633 1432 2691 commemoratis
1491 2633 1781 2691 continuo
1840 2631 2212 2710 praedicans
2258 2633 2471 2690 miram
2518 2617 2705 2711 ¹paris

461 2735 591 2794 eius
657 2734 1130 2813 pulcritudinem
1196 2730 1611 2810 regrediendo
1687 2753 1761 2792 ea
1822 2733 2241 2814 persequitur,
2320 2753 2477 2812 quae
2547 2743 2705 2792 ante

461 2837 710 2914 nuptias
742 2835 906 2893 facta
940 2843 1136 2907 erant,
1169 2843 1513 2913 temporum
1548 2833 1913 2893 discriminis
1945 2835 2115 2894 nullo
2147 2834 2379 2894 indicio
2413 2835 2701 2913 prodito:

459 2933 524 2992 οἰ
548 2931 608 2993 δὲ
643 2927 1078 3009 φιλοθεάμονες
1108 2933 1253 2991 τοῦκ
1284 2929 1499 3003 ἄλλους
1533 2954 1585 2994 e.
1622 2955 1681 3014 q.
1708 2955 1753 2994 s.
1790 2943 1851 2994 et
1884 2934 2113 2994 exinde
2146 2956 2183 2993 a
2212 2935 2417 2996 verbis
2452 2934 2705 2995 demum

459 3019 630 3105 οὗτος
676 3028 914 3112 ἠράσθη
946 3033 1261 3109 Κυδίππης
1308 3035 1589 3095 deorsum
1633 3035 1913 3115 procedit
1960 3037 2267 3095 enarratio
2317 3057 2389 3095 eo
2420 3036 2706 3096 reditura

458 3137 628 3198 unde
677 3137 1044 3197 ordiebatur.
1117 3157 1275 3217 quae
1321 3137 1629 3196 rhetorem
1673 3158 1781 3197 suo
1826 3138 2025 3197 Marte
2071 3139 2159 3196 ita
2201 3139 2541 3198 instituisse
2585 3159 2705 3197 va-

459 3241 719 3299 riantem
778 3239 1080 3300 Graecum
1148 3239 1526 3316 exemplum,
1595 3259 1774 3298 nemo
1844 3239 2026 3297 facile
2094 3239 2360 3299 animum
2414 3238 2702 3301 inducet.

457 3340 704 3399 videtur
746 3341 852 3399 ille
896 3341 1100 3418 potius
1158 3340 1591 3417 neglegentius
1648 3340 2056 3419 serviliusque
2117 3341 2442 3401 excribens
2504 3348 2703 3419 atque

461 3442 527 3498 in
571 3440 818 3500 brevius
866 3442 1043 3500 simul
1085 3441 1368 3520 imperite
1415 3441 1786 3501 contrahens
1834 3441 2193 3502 obscurasse
2241 3451 2301 3502 et
2346 3443 2701 3521 corrupisse

463 3541 935 3601 Callimacheam
969 3541 1300 3601 enarrandi
1333 3550 1543 3602 artem.
1598 3550 1661 3601 et
1688 3542 1844 3602 haec
1875 3543 2125 3622 quidem
2156 3563 2454 3622 quasnam
2483 3553 2703 3604 secuta

459 3642 744 3701 videatur
785 3644 1090 3718 rationes,
1135 3645 1495 3729 ¹accuratius
1544 3644 1856 3723 explicare
1900 3664 2066 3703 nunc
2123 3645 2477 3718 omittimuS,
2544 3665 2701 3704 ean-

462 3744 603 3803 dem
632 3765 758 3803 rem
789 3763 902 3822 per
929 3745 1174 3804 maioris
1223 3745 1601 3825 quaestionis
1648 3743 2171 3825 opportunitatem
2214 3755 2435 3825 postea
2462 3765 2701 3806 resum-

458 3845 638 3924 pturi.
707 3847 1036 3906 .monuisse
1081 3866 1247 3905 nunc
1290 3847 1436 3905 satis
1486 3855 1607 3921 est,
1670 3846 2110 3907 Callimachum
2166 3849 2381 3927 procul
2424 3847 2607 3907 dubio
2662 3871 2703 3908 a

457 3948 808 4025 nuptiarum
863 3949 1179 4006 mentione
1225 3946 1495 4006 fabulam
1551 3949 1933 4028 auspicatum
1992 3947 2289 4028 deinceps
2342 3949 2698 4028 repetiisse,

461 4067 580 4126 quo
627 4049 876 4108 artificio
922 4048 1195 4109 adhibito
1213 4095 1226 4122 ‚
1277 4057 1425 4129 quot
1466 4050 1769 4130 utrimque
1800 4049 2111 4110 laboribus
2146 4051 2503 4124 exantlatis,
2551 4051 2701 4110 illas

458 4146 755 4206 Acontius
801 4151 1092 4227 attigerit.

628 4249 848 4326 Itaque
894 4251 958 4307 in
1003 4252 1140 4329 ipso
1187 4251 1415 4324 limine,
1465 4272 1611 4328 non,
1661 4252 1829 4332 quod
1858 4242 2056 4313 visum
2085 4252 2361 4315 Rauchio
2394 4253 2497 4313 die
2526 4253 2703 4332 frag-
