2917 4992
1386 317 1811 380 ...w-

486 501 690 552 autem
735 491 1206 569 diligentissime
1263 497 1381 563 est,
1439 510 1523 548 ne
1580 489 1656 549 ob
1712 497 2031 548 externam
2087 490 2358 568 speciem
2415 490 2491 548 ab
2540 490 2743 550 aetiis

489 615 564 654 ea
607 592 1022 653 abiudicemus
1069 595 1432 670 fragmenta,
1484 609 1643 669 quae
1690 591 1766 650 ob
1811 591 1965 649 >alias
2004 608 2419 670 quascumque
2470 609 2741 650 caussas

489 697 577 754 eis
643 695 936 754 videntur
997 713 1133 753 esse
1191 691 1629 752 adiudicanda.
1704 712 1847 750 nam
1905 690 2271 772 quibusdam
2332 693 2743 770 cognoscitur

485 797 764 869 indiciis,
827 794 1268 855 Callimachum
1323 812 1456 852 cum
1502 813 1757 870 gnomas
1805 814 1957 874 quas
2004 792 2215 853 dicunt
2270 795 2489 874 suique
2533 814 2743 852 sensa.

489 899 677 973 animi
707 895 918 956 crebro
960 896 1296 967 inseruisse
1334 903 1463 954 tum
1492 914 1691 953 rerum
1722 916 1965 954 suarum
1992 897 2346 956 memoriam
2373 894 2743 954 identidem

486 998 902 1060 immiscuisse.
1005 1017 1163 1077 quae
1221 999 1274 1056 si
1330 997 1779 1075 contemplare,
1854 997 2037 1056 facile
2098 997 2411 1075 conligeS,
2458 997 2743 1076 'qualem

485 1101 594 1158 ille
641 1099 989 1178 prodiderit
1018 1098 1411 1178 prudentiam
1441 1099 1716 1177 rectique
1762 1098 2219 1172 conscientiam,
2267 1119 2400 1157 cum
2428 1099 2745 1158 materiae

489 1221 636 1261 suae
683 1201 990 1278 elegiacos
1045 1219 1332 1260 numeros
1393 1199 1765 1258 adhibuerit.
1854 1207 2041 1279 atque
2097 1200 2275 1273 huius
2320 1200 2569 1278 generis
2620 1201 2743 1278 qui

489 1303 656 1361 color
699 1303 885 1362 fuerit
909 1286 994 1358 ‘ut
1039 1301 1377 1359 accuratius
1425 1300 1849 1378 dignoscatur,
1907 1302 2010 1360 vel
2054 1321 2267 1360 versus
2312 1301 2495 1360 modo
2542 1301 2743 1360 aetiis

489 1425 526 1461 a
570 1402 746 1464 nobis
791 1401 1089 1463 vindicati
1133 1423 1260 1460 non
1306 1402 1465 1460 levis
1511 1411 1654 1461 sunt
1695 1402 2007 1462 momenti.

657 1503 997 1564 Verborum
1027 1504 1387 1582 scripturam
1416 1505 1484 1562 in
1512 1511 1638 1562 tam
1666 1503 1930 1581 insignis
1962 1511 2147 1563 notae
2171 1504 2475 1582 fragmine
2508 1523 2745 1583 parum

491 1613 626 1666 esse
673 1605 1026 1684 expeditam
1069 1623 1254 1682 aegre
1299 1605 1569 1663 ferimus.
1656 1613 1847 1663 totum
1904 1613 2107 1664 autem
2164 1604 2243 1662 ad
2292 1625 2425 1663 eam
2470 1606 2743 1664 formam

491 1727 675 1786 supra
717 1707 1084 1785 redegimuS,
1135 1726 1294 1784 quae
1338 1703 1517 1766 nobis
1563 1707 1861 1784 integrior
1906 1715 2071 1765 certe
2101 1707 2237 1766 visa
2268 1715 2379 1764 est.
2427 1727 2485 1764 v.
2519 1715 2551 1765 2
2584 1708 2739 1764 vul-

490 1817 671 1886 gatae
715 1808 970 1868 lectioni
998 1799 1204 1882 ἇφεῖλε
1252 1808 1695 1885 elegantiorem
1724 1809 2124 1886 praetulimus
2158 1828 2293 1866 eam
2324 1827 2503 1887 quam
2533 1807 2744 1866 habet

491 1909 690 1968 codex
701 1909 1041 1969 Vossianus
1069 1909 1460 1987 etymologici
1484 1909 1690 1986 magni
1716 1929 1752 1967 a
1766 1909 2080 1968 Meinekio
2108 1929 2355 1989 quoque
2378 1909 2443 1966 in
2461 1908 2738 1968 Stobae-

488 2031 590 2068 um
652 2009 991 2069 traductam
1055 1997 1271 2084 ἀφῆκε.
1371 2019 1626 2090 recepta
1692 2012 1856 2070 enim
1920 2011 2122 2091 poetis
2188 2011 2412 2070 locutio
2472 1995 2737 2082 ἀφιέναι

495 2109 770 2190 (sedare)
815 2098 1023 2189 ὀργήν,
1067 2102 1245 2189 γόους
1291 2119 1352 2171 et
1385 2131 1546 2191 quae
1575 2112 1669 2170 his
1716 2120 1858 2172 sunt
1888 2113 2126 2171 similia.
2188 2132 2431 2171 versum
2462 2120 2497 2173 3
2526 2112 2744 2172 codex

493 2213 745 2274 Stobaei
809 2214 1179 2274 Parisiensis
1249 2214 1352 2294 qui
1421 2222 1515 2272 est
1557 2215 1609 2273 B
1676 2213 1844 2293 apud
1906 2212 2325 2274 Gaisfordium
2393 2222 2483 2285 et,
2550 2204 2743 2293 'quod

491 2315 738 2392 gravius
796 2323 916 2386 est,
974 2314 1130 2375 liber
1182 2314 1693 2375 Vindobonensis
1754 2314 1857 2393 (cf.
1906 2315 2103 2375 Gaisf.
2164 2315 2363 2393 praef.
2421 2313 2499 2374 ad
2550 2299 2741 2375 Sto'b.

491 2415 620 2474 fior.
666 2437 728 2494 p.
775 2412 927 2490 VII)
975 2415 1278 2494 praebent
1320 2417 1540 2475 talem:
2455 2398 2457 2400 V

743 2524 790 2606 ἢ
830 2532 1006 2610 φίλον
1048 2519 1220 2608 ’ἢῧί
1272 2529 1330 2604 ἐς
1373 2522 1567 2610 ἄνδρα
1610 2529 1979 2612 συνέμπορον
2024 2527 2065 2609 ἢ
2106 2519 2201 2591 ὅτε
2244 2537 2498 2608 κωφαῖς.

491 2671 701 2748 itaque
747 2670 868 2728 iam
911 2668 1223 2729 abiciendi
1269 2689 1481 2728 omnes
1526 2671 1626 2728 isti
1670 2670 1955 2729 infelices
1992 2679 2136 2729 sunt
2180 2679 2453 2742 conatuS,
2504 2667 2739 2749 quibus

491 2771 607 2829 viri
634 2771 815 2852 ‚docti
859 2772 1408 2832 Trincavellianae
1455 2770 1746 2831 editionis
1789 2791 2047 2830 mancae
2094 2773 2435 2850 scripturae
2482 2791 2735 2830 succur-

491 2891 628 2930 rere
677 2871 1100 2941 decertarunt:
1128 2868 1176 2948 ¹)

746 2977 785 3063 ἢ
831 2979 913 3046 ’ὅτ’
965 2985 1022 3059 ἐς
1065 2979 1256 3067 ἄνδρα
1296 2976 1738 3067 συνέμπορονῆ
1781 2981 1875 3048 ὅτε
1919 2993 2171 3064 κωφαῖς.

493 3125 674 3183 facile
705 3125 885 3184 vides
931 3126 1193 3204 proclivi
1231 3126 1468 3185 scribae
1511 3127 1693 3206 lapsu
1738 3147 1774 3184 a
1808 3127 2003 3206 primo
2050 3115 2089 3199 ἥ
2132 3124 2211 3185 ad
2258 3126 2518 3185 alterum
2558 3134 2738 3185 tran-

492 3226 753 3286 silientis
783 3227 1056 3286 mutilum
1086 3228 1150 3284 in
1186 3247 1258 3286 eo
1291 3228 1394 3306 qui
1441 3227 1847 3287 adhibebatur
1878 3227 2091 3286 codice
2123 3246 2367 3286 versum
2396 3227 2737 3306 prodiisse.

493 3337 556 3385 at
602 3329 765 3385 enim
810 3349 889 3387 ne
934 3330 1158 3406 plenus
1221 3329 1470 3408 quidem
1524 3329 1643 3387 iste
1699 3349 1912 3388 versus
1969 3329 2119 3387 vitio
2180 3337 2366 3388 caret.
2456 3349 2742 3410 namque

495 3428 801 3506 oppositio
858 3429 968 3487 illa
1019 3431 1182 3489 inter
1237 3429 1414 3505 φίλον
1462 3437 1523 3488 et
1574 3425 1943 3507 συνέμπορον
1987 3451 2235 3509 prorsus
2296 3428 2565 3490 absurda
2612 3439 2738 3492 est.

492 3528 704 3607 itaque
759 3549 840 3588 ne
900 3529 1048 3609 quid
1102 3531 1350 3590 molirer
1415 3529 1704 3590 audacius
1762 3532 2008 3609 scripsi:
2070 3518 2109 3605 ἢ
2166 3529 2343 3606 φίλον
2396 3529 2463 3588 οἷ
2507 3517 2605 3588 ’ὅτ’
2670 3526 2743 3603 ἐς

491 3618 684 3706 ἄνδρα
713 3625 1104 3705 συνέμπορον.
1173 3631 1234 3690 h.
1268 3651 1321 3690 e.
1371 3631 1450 3690 ‘si
1496 3631 1575 3690 ad
1620 3631 1896 3713 spdalem
1940 3632 2057 3692 sibi
2102 3634 2339 3692 carum’
2383 3633 2488 3692 vel
2534 3632 2616 3691 ‘si
2647 3633 2741 3691 ad

494 3729 775 3790 sodalem
818 3731 912 3792 sui
957 3733 1291 3790 amantem’
1339 3751 1394 3791 e.
1427 3752 1487 3812 q.
1522 3754 1571 3792 s.
1644 3753 1929 3812 comparo
1974 3733 2371 3792 Homericum
2415 3733 2585 3809 φίλος
2628 3753 2745 3808 μοι

494 3827 724 3908 ἑταῖρος
757 3832 1155 3911 eiusdemque
1187 3833 1329 3892 alia.
1400 3842 1728 3914 praeterea
1770 3834 2185 3893 coniecturam
2226 3843 2293 3892 ut
2337 3854 2464 3894 non
2511 3855 2742 3895 neces-

494 3935 715 3993 sariam
758 3935 845 3994 ita
888 3932 1380 4016 percommodam
1423 3936 1634 4015 recepi
1674 3934 1946 3995 Heckeri
1992 3955 2204 3994 comm.
2250 3934 2404 3994 Call.
2446 3955 2509 4016 p.
2546 3943 2648 3997 144
2690 3923 2743 4011 ἦ

633 4166 669 4230 ¹)
706 4170 806 4218 Eis
843 4184 984 4234 quae
1021 4171 1167 4235 apud
1191 4170 1595 4220 Blomfieldium
1632 4173 2005 4235 proponuntur
2042 4169 2180 4218 adde
2219 4169 2569 4218 coniecturas
2595 4169 2743 4219 San-

496 4248 612 4296 teni
650 4253 706 4297 et
724 4249 991 4306 „Huschki
1026 4253 1084 4300 in
1117 4251 1278 4302 huius
1318 4253 1481 4316 epist.
1520 4253 1643 4302 crit.
1681 4253 1738 4301 in
1774 4255 1938 4318 Prop.
1976 4269 2030 4320 p.
2066 4255 2149 4302 32.
