2917 4992
1291 349 1376 358 -—
1466 311 1587 374 128
1674 348 1757 359 -

411 485 718 568 μειρακίου
757 475 894 557 τοῦς
936 481 1161 545 ἑαυτῶν
1197 476 1533 561 ἐφήρμοζον
1564 473 1770 554 πόδας.
1830 469 1999 554 οὗτος
2030 473 2275 564 ἠράσθη
2308 481 2647 560 Κυδίππης.

413 586 530 648 ἔδει
569 579 686 668 γάρ
727 578 831 646 τὸν
875 578 1061 646 καλὸν
1099 577 1413 656 τοσούτους
1464 578 1835 658 τετοξευκότα
1874 589 1959 666 τῷ
2004 578 2206 645 κάλλει
2254 587 2393 662 μιᾶς
2440 576 2652 656 ἀκίδος

309 763 312 770 ¹
413 687 692 769 ἐρωτικῆς
719 689 1082 769 πειραθῆναί
1107 707 1247 747 ποτε
1285 683 1386 746 καὶ
1427 687 1653 766 γνῶναι
1682 687 1885 763 σαφῶς
1935 677 2033 745 οἶα
2072 678 2448 746 πεπόνθασιν
2475 685 2538 744 οἱ
2563 674 2651 745 δι’

412 782 598 853 αὐτὸν
642 789 1006 870 τραυματίαι.
1080 781 1229 850 ’ὅθεν
1269 777 1302 848 ὃ
1336 778 1528 867 Ἔρως
1569 780 1641 848 οὗ
1682 785 1925 868 μετρίως
1953 783 2209 864 ζένέτεινε
2253 779 2363 866 τῆν
2397 777 2651 868 νευράν,

350 904 384 956 5
410 882 506 952 ’ὅτε
541 889 644 952 καὶ
671 885 888 972 τερπνὴ
926 889 1196 968 πέφυκεν
1224 882 1263 968 ἡ
1292 889 1510 966 τοξεία,
1551 878 1684 949 ἀλλ’
1720 882 1862 950 ὅσον
1904 880 2055 966 εἶχεν
2097 883 2297 968 ἰσχύος
2326 881 2655 969 προσελκύ-

411 1011 520 1066 σας
567 983 637 1054 τά
683 986 822 1068 τόξα
869 985 1242 1071 σφοδρότατα
1291 991 1551 1069 διαφῆκε
1599 985 1666 1051 τὸ
1706 989 1893 1070 βέλος.
1958 992 2276 1071 τοιγαροῦν
2314 983 2562 1066 εῦθέως,
2596 974 2654 1048 ὦ

411 1091 725 1155 κάλλιστον
762 1093 1004 1154 παιδίον
1047 1085 1343 1171 Ἀκόντιε,
1397 1093 1570 1167 δυοῖν
1612 1086 1902 1171 θάτερον,
1964 1085 2005 1171 ῆ
2052 1085 2248 1172 γάμον
2288 1082 2328 1169 ἢ
2374 1084 2656 1152 θάνατον

413 1196 732 1276 διελογίζου
771 1194 1031 1275 βληθείς.
1091 1188 1248 1273 πλὴν
1280 1185 1456 1266 αῦτδς
1487 1185 1770 1276 ὅτρώσας
1804 1187 1900 1254 olel
1927 1217 2091 1266 τινας
2129 1186 2507 1274 παραδόξους
2535 1215 2657 1270 μη-

412 1288 594 1378 χανάς
627 1295 960 1358 διαπλέκων
999 1289 1258 1360 ὓπέθετό
1293 1313 1386 1356 σοι
1429 1289 1785 1374 καινοτάτην
1819 1291 2046 1375 βουλήν
2057 1339 2078 1373 ,,
2112 1291 2259 1374 τάχα
2289 1316 2409 1354 που
2444 1289 2507 1356 τὸ
2542 1287 2661 1354 σὸν

313 1412 381 1466 10
411 1394 761 1477 αἰδούμενος
815 1391 1048 1470 κάλλος.
1113 1388 1326 1458 αὐτίκα
1375 1399 1525 1477 γοῦν
1576 1391 1728 1458 κατὰ
1771 1387 1834 1457 τὸ
1877 1390 2240 1478 Ἀρτεμίσιον
2290 1387 2369 1469 ὡς
2414 1389 2661 1456 ἐθεάσω

410 1498 881 1581 προκαθημένην
909 1493 1020 1578 τῆν
1055 1490 1240 1579 κόρην
1270 1501 1376 1559 τοῦ
1407 1491 1606 1573 κήπου
1635 1501 1739 1576 τῆς
1760 1490 2115 1580 Ἀφροδίτης
2142 1492 2461 1559 Κυδώνιον
2488 1495 2656 1558 έκλε-

412 1597 660 1681 ξάμενος
698 1602 889 1680 μῆλον
930 1591 1162 1680 άπάτης
1200 1593 1363 1685 αὐτῷ
1403 1593 1922 1682 περιγεγράφηκας
1953 1595 2129 1680 λόγον
2164 1597 2264 1659 καὶ
2298 1593 2498 1684 λάθρᾳ
2529 1599 2659 1660 διε-

413 1697 655 1776 κύλισας
695 1696 810 1784 πρὸ
854 1705 970 1763 τῶν
1005 1705 1108 1782 τῆς
1145 1703 1535 1783 θεραπαίνης·
1558 1703 1777 1762 ποδῶν.
1846 1695 1885 1781 ῆ
1917 1699 1981 1762 δὲ
2014 1696 2077 1762 τὸ
2106 1701 2356 1782 μέγεθος
2396 1697 2496 1760 καὶ
2536 1691 2661 1782 τὴν

411 1798 619 1885 χροιὰν
646 1809 1080 1884 καταπλαγεῖσα
1111 1795 1452 1883 ἀνήρπασεν
1496 1786 1617 1882 ἷίμα
1656 1805 2025 1884 διαποροῦσα
2068 1804 2153 1876 τίς
2183 1798 2300 1884 ὄὶρα
2332 1805 2500 1863 τοῦτο
2528 1805 2663 1862 τῶν

314 1918 380 1970 15
407 1904 733 1986 παρθένων
773 1905 1054 1985 μετέωρος
1101 1895 1358 1984 ἆπέβαλε
1382 1908 1488 1965 τοῦ
1530 1905 1913 1985 προκολπίου.
1962 1892 2161 1986 εἄρα’,
2214 1907 2430 1983 φησίν,
2462 1895 2663 1983 εἱερὸν

412 2007 712 2086 πέφυκας,
763 1993 812 2067 ὦ
840 2011 1055 2086 μῆλον;
1092 2006 1223 2066 τίνα
1265 2005 1328 2066 δέ
1357 2025 1452 2068 σοι
1483 2005 1647 2088 πέριξ
1680 2000 2100 2087 ἕγκεχάρακται
2138 1999 2485 2087 γράμματα;
2542 2003 2660 2066 καὶ

413 2110 470 2170 τί
503 2109 811 2188 σημαίνειν
854 2107 1107 2182 ἐθέλεις,·
1147 2107 1319 2186 δέχου
1359 2112 1579 2188 μῆλον,
1620 2097 1669 2169 ὦ
1706 2107 2057 2187 κεκτημένη,
2101 2102 2230 2169 οἷον
2260 2099 2332 2167 οὕ
2366 2106 2661 2186 τεθέαμαι

411 2207 741 2328 πρότερονὲ
783 2235 860 2284 ως
893 2202 1315 2291 ὑπερμέγεθες,
1363 2233 1441 2282 ως
1472 2207 1825 2334 πυρρωπόν,
1875 2201 1953 2283 ὥς
1997 2205 2271 2290 ἐρύθημα
2312 2208 2495 2290 φέρον
2526 2213 2663 2270 τῶν

413 2307 626 2392 ῥόδων.
675 2299 806 2392 εῦγε
841 2314 943 2389 τῆς
978 2303 1254 2384 ευωδίας’
1303 2305 1444 2372 σ’σον
1477 2311 1577 2372 καὶ
1606 2306 1924 2393 πόρρωθεν
1956 2302 2259 2394 εὐφραίνει
2288 2305 2396 2390 τὴν
2426 2311 2657 2390 αἴσθη-

311 2424 381 2476 20
410 2433 524 2474 σιν.
570 2411 694 2493 λέγε
723 2436 856 2492 μοι,
890 2409 1168 2529 φιλτάτη,
1208 2413 1266 2472 τί
1292 2405 1356 2473 τὸ
1383 2415 1757 2494 περίγραμμα
1791 2417 2019 2492 τοῦτος)
2052 2405 2089 2493 ἡ
2125 2411 2187 2475 δὲ
2218 2409 2367 2495 κόρη
2396 2429 2656 2492 κομισα-

411 2512 559 2594 μένη
599 2513 700 2575 καὶ
738 2519 860 2588 τοῖς
897 2508 1116 2594 ὄμμασι
1155 2513 1516 2595 περιθέουσα
1557 2508 1669 2594 τὴν
1697 2513 1938 2596 γραφὴν
1973 2505 2367 2596 ἀνεγίνωσκεν
2394 2513 2664 2596 ἔχουσαν

413 2603 552 2678 ωδε·
602 2609 704 2696 ,μᾶ
753 2607 886 2695 τὴν
919 2610 1262 2698 ’Ἄρτεμιν
1311 2607 1661 2700 Ἀκοντίῳ
1710 2621 2103 2698 γαμοῦμαι.
2174 2617 2257 2682 ἔτι
2305 2615 2659 2698 διερχομένη

411 2712 515 2779 τὸν
547 2712 730 2799 ὅρκον
762 2718 814 2778 εἶ
840 2716 940 2778 καὶ
969 2711 1257 2780 ἆκούσιόν
1288 2741 1346 2779 τε
1376 2717 1479 2779 καὶ
1522 2711 1712 2781 νόθον
1745 2712 1848 2780 τὸν
1878 2714 2159 2800 ἐρωτικὸν
2190 2714 2371 2800 λόγον
2400 2710 2653 2799 ἆπέρρι-

413 2833 529 2897 ψεν
557 2819 881 2899 αἰδουμένη
910 2817 1010 2880 καὶ
1039 2813 1352 2899 ἡμίφωνον
1392 2821 1771 2883 καταλέλοιπε
1805 2819 1959 2896 λέξιν
1995 2814 2106 2898 τὴν
2144 2813 2241 2882 ἐπ’
2274 2814 2493 2906 ἐσχάτῳ
2526 2843 2650 2881 κεκ

309 2931 378 2986 25
407 2919 594 3000 μένην
621 2915 720 2982 ὅτε
749 2915 1338 3000 διαμνημονεύουσαν
1376 2916 1595 3003 γάμον,
1638 2914 1713 2986 ὃν
1744 2917 1924 3004 σὲμνῆ
1959 2921 2262 3004 παρθένος
2298 2915 2416 2984 κάν
2446 2920 2655 3006 ἑτέρου

411 3020 678 3103 λέγοντος
724 3015 1084 3105 ἠρυθρίασε·
1141 3021 1241 3084 καὶ
1285 3027 1566 3086 τοσοῦτον
1622 3022 1999 3104 ἐξεφοινίχθη
2049 3015 2113 3087 τὸ
2164 3017 2513 3107 πρόσωπον,
2566 3016 2654 3100 ὥς

411 3125 610 3186 δοκεῖν
652 3117 741 3187 ὅτι
783 3129 900 3186 τῶν
940 3129 1200 3205 παρειῶν
1240 3124 1413 3186 ἔνδον
1455 3121 1572 3206 εἶχέ
1608 3151 1740 3188 τινα
1778 3120 1973 3209 ῥόδων
2004 3129 2261 3206 λειμῶνα
2290 3121 2480 3188 καὶτὸ
2510 3119 2652 3208 ἐρύ-

545 3333 666 3381 v.*3
702 3327 1094 3396 πειρασθῆναι
1120 3331 1417 3382 Mercerus.
1457 3359 1520 3367 -—
1557 3346 1608 3381 v.
1631 3333 1663 3381 6
1702 3329 1943 3398 διεφῆκε
1982 3332 2181 3396 codex,
2222 3329 2473 3398 διαφῆκε
2499 3331 2652 3395 quod

407 3413 746 3464 Abreschius
792 3415 1034 3465 coniecit
1068 3416 1126 3464 in
1167 3415 1501 3466 lectionibus
1538 3416 1969 3476 Aristaeneteis,
2014 3416 2113 3467 sed
2159 3417 2359 3467 reiecit
2402 3417 2649 3466 virorum

411 3498 622 3563 aliquot
657 3504 765 3548 etc.
804 3515 856 3564 p.
895 3501 956 3564 9,
1003 3514 1148 3549 nunc
1185 3502 1432 3566 suscepit
1470 3500 1531 3551 C.
1569 3503 1634 3554 L.
1674 3501 1923 3552 Struvius
1962 3515 2149 3568 opusc.
2188 3503 2214 3552 I
2251 3518 2302 3567 p.
2340 3502 2459 3554 252.
2514 3498 2646 3552 ’δια-

410 3581 572 3648 φῆκα
607 3583 723 3648 legi
759 3583 1044 3633 Aristaen.
1077 3584 1105 3633 I
1141 3586 1208 3634 20
1241 3601 1293 3649 p.
1333 3587 1399 3635 97
1436 3601 1523 3634 me
1561 3591 1745 3636 monet
1777 3587 2110 3636 Hei-chorus·
2147 3613 2211 3622 -—
2260 3603 2310 3639 v,
2337 3588 2367 3636 7
2399 3577 2651 3638 Ἀκόντιε

409 3669 646 3718 fortasse
685 3668 992 3718 delendum.
1031 3695 1094 3704 —
1141 3684 1193 3720 v.
1234 3671 1295 3718 11
1343 3670 1413 3720 ad
1459 3667 1560 3720 τοῦ
1604 3665 1793 3735 κήπου
1838 3686 2005 3736 supra
2050 3671 2277 3736 scripsit
2312 3671 2648 3726 alteruma-

411 3768 516 3804 nus
545 3743 624 3806 ἐκ.
651 3781 716 3790 -
753 3769 804 3804 v.
845 3755 908 3803 12
944 3744 1140 3818 λάθρα
1178 3754 1366 3819 codex,
1403 3749 1600 3820 λα’θρᾳ
1634 3755 1969 3806 Hercherus.
2007 3783 2072 3792 —
2106 3772 2158 3808 v.
2186 3757 2249 3806 13
2284 3749 2349 3806 τὸ
2389 3749 2651 3820 μεγέθος

409 3839 600 3890 codeX.
649 3853 814 3904 supra
853 3839 1078 3904 scripsit
1115 3838 1294 3889 altera
1317 3853 1511 3889 manus
1538 3831 1657 3889 διά.
1677 3865 1745 3876 -
1779 3855 1831 3891 v.
1858 3842 1923 3890 14
1946 3837 2033 3898 τίς
2052 3825 2166 3904 ἆρα
2186 3841 2375 3903 codex,
2414 3837 2501 3898 τίς
2522 3830 2653 3905 ἄρα

406 3923 760 3977 Abrescbius,
797 3949 860 3958 -
907 3939 961 3974 V.
997 3925 1063 3974 22
1102 3924 1350 3974 codicem
1385 3924 1597 3974 habere
1633 3916 1734 3991 ὠν
1759 3915 2012 3991 ’Ἄρτεμιν
2048 3925 2193 3974 falso
2230 3925 2458 3977 Bastius
2494 3926 2640 3975 indi-

409 4012 518 4058 cat.
554 4007 724 4058 habet
757 3999 848 4070 τ““,
897 4007 1042 4073 quod
1077 4013 1162 4059 est
1205 4001 1328 4074 τήν.
1367 4035 1430 4045 -
1468 4025 1519 4062 v.
1558 4011 1623 4060 23
1670 4002 1937 4075 ’ἐρωτικὸν
1972 4001 2143 4073 λόχον
2176 4009 2435 4059 Herelius
2472 4011 2655 4062 anim.

408 4093 554 4141 critt.
589 4092 818 4142 miscell.
853 4110 906 4158 p.
934 4095 997 4143 18
1023 4109 1102 4158 sq.
1159 4094 1254 4144 sed
1289 4094 1364 4145 cf.
1403 4093 1507 4145 Ov.
1547 4111 1631 4158 ep.
1669 4095 1798 4144 XXI
1822 4097 1939 4145 212.
1990 4122 2052 4130 -
2092 4111 2141 4145 v.
2180 4095 2245 4144 25
2293 4082 2407 4146 κᾶν
2444 4085 2655 4162 ἐτέρου

407 4170 625 4239 λέγοιτο
663 4177 832 4225 editio
867 4179 1144 4244 princeps,
1181 4167 1292 4229 κᾶν
1329 4171 1526 4243 ἑτέρου
1561 4175 1825 4244 λέγοντος
1861 4180 2102 4230 coniecit
2138 4180 2428 4244 Merceru8‚
2471 4181 2655 4232 idem-

409 4274 511 4324 que
549 4259 720 4309 habet
756 4261 944 4312 codex.
