2917 4992
1048 388 1513 455 -129—

191 569 335 643 θημα
358 567 528 625 τοῦτο
548 561 737 643 μηδὲν
758 565 877 623 τῶν
895 565 1101 642 χειλῶν
1126 554 1306 643 αὐτῆς
1331 562 1651 642 διαφέρειν.
1698 555 1860 624 εἶπεν
1886 556 1927 644 ἦ
1948 567 2108 642 παῖς,
2141 555 2404 644 ἀκήκοεν

193 659 466 746 Ἄρτεμις·
492 664 594 726 καὶ
610 663 914 745 παρθένος
937 650 1086 725 οὖσα
1099 659 1262 742 θεός,
1276 653 1559 743 Ἀκόντιε,
1582 658 1934 745 συνελάβετό
1956 682 2049 726 σοι
2069 666 2175 726 τοῦ
2188 663 2401 746 γάμου.

345 765 494 840 Τέως
533 752 645 827 οὖν
680 763 784 830 τὸν
829 766 1086 828 δείλαιον
1111 802 1196 812 -
1227 757 1359 826 ἄλλ’
1387 761 1523 827 οὔτε
1562 759 1863 846 θαλάττης
1912 768 2223 847 τρικυμίας
2270 762 2403 830 οὔτε

188 861 366 930 πόθου
415 863 870 950 κορυφούμενον
919 866 1104 930 σάλον
1157 863 1400 951 εὐμαρὲς
1450 858 1835 949 ἀφηγεῖσθαι.
1912 865 2146 950 δάκρυα
2196 865 2401 949 μόνον,
2456 933 2462 942 ,

190 961 278 1048 οὐχ
315 962 508 1032 ὕπνον
559 971 630 1031 αἱ
665 965 874 1044 νύκτες
918 967 1140 1051 ἐπῆγον
1177 973 1259 1054 τῷ
1297 971 1601 1055 μειρακίῳ.
1663 965 1867 1032 κλάειν
1904 963 2021 1052 γὰρ
2064 967 2411 1052 αἰδούμενος
2468 987 2501 1036 5

188 1066 278 1149 τὴν
315 1063 542 1154 ἡμέραν
580 1065 645 1136 τό
685 1067 950 1155 δάκρυον
982 1063 1308 1152 ἐταμιεύπο
1338 1077 1465 1146 ταῖς
1496 1072 1679 1147 νυξίν.
1743 1070 2004 1146 ἐκτακεὶς
2046 1070 2111 1134 δὲ
2148 1067 2219 1134 τά
2260 1073 2407 1154 μέλη

188 1169 272 1232 καὶ
319 1174 684 1254 δυσθυμίαις
729 1169 1194 1256 μαραινόμενος,
1238 1166 1348 1254 τὴν
1399 1166 1611 1257 χροιὰν
1658 1173 1759 1236 καὶ
1806 1167 1871 1238 τὸ
1920 1172 2151 1254 βλέμμα
2202 1176 2407 1249 δεινῶς

188 1265 472 1354 ὦρακιῶν,
515 1273 721 1338 ἐδεδίει
763 1280 848 1360 τῷ
883 1273 1110 1340 τεκόντι
1149 1279 1417 1354 φανῆναι
1464 1273 1566 1336 καὶ
1611 1275 1691 1351 εἰς
1720 1268 1906 1359 ἀγρὸν
1936 1273 2031 1337 ἐπὶ
2060 1270 2229 1361 πάσῃ
2257 1299 2403 1358 προ-

185 1371 347 1452 φάσει
375 1367 478 1437 τὸν
502 1377 726 1462 πατέρα
757 1371 997 1458 φεύγων
1029 1375 1264 1454 ἐφοίτα·
1302 1372 1507 1459 διόπερ
1538 1379 1601 1439 οἱ
1624 1372 1984 1460 κομψότεροι
2016 1382 2136 1439 τῶν
2164 1372 2405 1458 ἡλικιω-

183 1480 286 1538 τῶν
313 1477 591 1559 Λαέρτην
636 1471 820 1542 αὐτὸν
869 1472 1277 1559 ἐπωνόμαζον,
1325 1473 1593 1559 γηπόνον
1640 1471 1746 1540 τὸν
1790 1480 2103 1542 νεανίσκον
2151 1473 2409 1560 οἰόμενοι
2440 1492 2507 1544 10

181 1579 485 1659 γεγονέναι.
561 1573 696 1641 ἀλλ’
747 1575 1033 1666 Ἀκοντίω
1085 1575 1197 1642 οὐκ
1247 1573 1591 1660 ἀμπελῶνος
1648 1580 1873 1661 ἔμελεν,
1941 1574 2013 1643 οὗ
2077 1576 2404 1662 σκαπάνης,

179 1675 354 1760 μόνον
393 1679 456 1743 δὲ
497 1687 712 1763 φηγοῖς
737 1675 1200 1762 ὑποκαθήμενος
1230 1673 1272 1761 ἢ
1305 1681 1572 1756 πτελέαις
1612 1677 1812 1761 ὡμίλει
1846 1678 2071 1744 τοιάδε·
2126 1686 2146 1717 ‘
2166 1683 2313 1762 εἴθε,
2358 1672 2407 1744 ῶ

181 1782 415 1862 δένδρα,
450 1782 552 1844 καὶ
596 1787 736 1859 νοῦς
779 1775 926 1864 ὑμῖν
965 1783 1192 1866 γένοιτο
1236 1782 1338 1845 καὶ
1370 1780 1577 1864 φωνή,
1630 1777 1789 1858 ’ὅπως
1837 1776 1915 1844 ‹322›
1948 1785 2144 1865 εἴπητε
2186 1779 2405 1864 μόνον·

177 1885 476 1966 6Κυδίππη
503 1876 692 1965 noel-‘15'
711 1905 723 1918 ·
760 1878 802 1966 ἢ
837 1889 985 1967 γοῦν
1012 1889 1266 1948 τοσαῦτα
1307 1884 1458 1947 κατὰ
1501 1889 1621 1948 τῶν
1659 1890 1887 1964 φλοιῶν
1932 1885 2406 1968 ἐγκεκολαμμένα

179 1986 404 2066 φέροιτε
429 1982 773 2069 γράμματα,
816 1981 927 2050 ’ὅσα
957 1984 1068 2068 τὴν
1093 1988 1416 2067 Κυδίππην
1456 1980 1801 2068 ἐπονομάζει
1829 1984 2037 2068 καλήν.
2106 1990 2409 2070 Κυδίππη,
2438 2002 2505 2054 15

177 2083 362 2168 καλήν
393 2107 457 2150 σε
483 2087 584 2150 καὶ
615 2083 864 2170 εὔορκον
892 2081 1107 2171 ὁμοίως
1133 2089 1432 2170 προσείπω
1466 2084 1640 2169 ταχύ·
1701 2087 1849 2169 μηδὲ
1879 2083 2164 2171 ’Ἄρτεμις
2208 2089 2304 2152 ἐπὶ
2345 2089 2407 2152 σὲ

175 2195 446 2252 ποιναῖον
492 2189 660 2271 βέλος
709 2183 839 2276 ἀφῇ
876 2190 977 2252 καὶ
1017 2186 1229 2276 ἀνέλῃ,
1284 2190 1452 2271 μένοι
1488 2189 1552 2253 δὲ
1580 2185 1644 2252 τὸ
1674 2194 1851 2270 πῶμα
1878 2192 2301 2271 προσκείμενον
2335 2196 2409 2276 τῇ

177 2290 451 2408 φαρέτρα.
525 2279 572 2354 ῶ
620 2286 910 2374 δυστυχὴς
959 2288 1074 2375 ἐγώ
1091 2314 1103 2326 ·
1155 2296 1213 2354 τί
1255 2294 1320 2354 δέ
1359 2310 1453 2354 σοι
1508 2297 1716 2356 τοῦτον
1767 2291 1991 2374 ἐπῆγον
2035 2288 2141 2355 τὸν
2192 2288 2406 2375 φόβον,

174 2384 346 2454 ὁπότε
387 2394 494 2456 καί
530 2413 681 2473 φασι
732 2389 842 2475 τὴν
879 2392 1028 2456 θεὸν
1077 2393 1172 2456 ἐπι
1213 2390 1431 2468 πάσαις
1470 2393 1579 2475 μὲν
1618 2388 1917 2476 ἆμαρτάσι
1961 2401 2262 2458 κινεῖσθαι
2290 2397 2408 2458 δει-

173 2499 312 2574 νῶς,
345 2491 598 2575 μάλιστα
623 2494 686 2558 δὲ
708 2491 844 2570 τοὺς
869 2488 1232 2576 αμελοῦντας
1258 2501 1380 2559 τῶν
1405 2489 1607 2615 όρκων
1632 2492 1984 2581 πικρότερον
2005 2504 2409 2582 τιμωρεῖσθαι.
2440 2508 2510 2560 20

172 2597 294 2658 εἴθε
336 2621 445 2677 μεν
486 2595 626 2673 οὖν,
683 2589 762 2672 ὥς
801 2588 1015 2681 αρτίως
1066 2589 1365 2678 ηυχόμην,
1407 2621 1651 2681 ευορκος
1688 2601 1839 2679 εἴης,
1880 2600 2007 2661 εἴθ-ε
2045 2593 2178 2682 γάρ.
2252 2600 2306 2660 εἰ
2344 2597 2407 2661 δὲ

173 2691 470 2780 άποβαίη,
524 2695 666 2780 όπερ
705 2699 854 2780 μηδὲ
898 2699 1086 2781 λέγειν
1120 2694 1333 2778 καλόν,
1387 2695 1426 2778 ἡ
1457 2694 1727 2781 ’Ἄρτεμις
1778 2699 1923 2763 ἔστω
1965 2719 2089 2778 σοι,
2120 2701 2406 2784 παρθένε,

307 2922 355 2957 v.
397 2909 426 2954 1
475 2897 783 2969 διαφέρειν
829 2905 1032 2969 codex,
1079 2903 1311 2954 lineolis
1364 2904 1808 2955 terminationem
1865 2919 1953 2957 ειν
2009 2905 2404 2969 indicantibus,

171 3005 312 3054 quae
348 2993 480 3041 sunt
516 3004 684 3054 supra
721 3004 808 3054 ερ,
849 2988 919 3038 ab
959 2987 1140 3039 altera
1162 3005 1328 3039 manu
1355 2989 1575 3040 additis.
1628 2983 1895 3055 διαφέρει
1932 2989 2105 3041 editio
2128 2992 2408 3057 princeps.

171 3069 406 3140 διέφερε
445 3078 542 3124 aut
579 3067 884 3139 διαφέρειν
919 3064 1196 3138 Ραιινὰὶιιε,
1246 3074 1363 3124 alia
1397 3074 1754 3126 AbreschiuS.
1790 3101 1858 3109 —-
1899 3089 1953 3125 v.
1990 3077 2021 3125 2
2066 3068 2409 3140 σννεβάλετό

170 3173 254 3209 σοι
292 3157 395 3210 τοῦ
433 3150 623 3224 γάμου
660 3158 852 3224 codex,
901 3151 1245 3226 συνεβάλετό
1281 3173 1370 3210 σοι
1405 3156 1538 3223 περὶ
1572 3156 1673 3210 τοῦ
1709 3154 1899 3223 γάμου
1936 3164 2033 3209 aut
2066 3152 2408 3224 συνεβάλετό

169 3257 255 3295 σοι
302 3235 407 3294 τὸν
451 3236 641 3308 γάμον
695 3249 792 3294 aut
837 3235 1181 3309 συνελάβετό
1226 3258 1318 3295 σοι
1363 3241 1466 3294 τοῦ
1508 3234 1697 3308 γάμου
1740 3243 2012 3293 Pauwius.
2084 3245 2305 3294 tertium
2352 3247 2410 3296 et

168 3327 626 3380 Hemsterhusius
672 3327 745 3378 ad
789 3327 926 3378 Luc.
974 3329 1152 3381 Prom.
1194 3331 1274 3380 13.
1332 3354 1397 3364 —
1454 3342 1505 3377 v.
1546 3330 1577 3379 3
1624 3326 1817 3377 inania
1862 3325 2041 3377 moliti
2085 3333 2213 3378 sunt
2258 3329 2409 3379 circa
2509 3391 2514 3393 ,

166 3411 314 3464 hanc
350 3413 688 3464 sententiam
726 3417 854 3463 ante
890 3413 1208 3475 Reiskium,
1248 3413 1342 3478 qui
1377 3411 1732 3477 aposiopesin
1768 3411 1997 3478 agnovit
2030 3411 2068 3462 1.
2096 3428 2145 3464 c.
2184 3411 2410 3464 κλαίειν

169 3498 365 3563 codex,
403 3489 602 3548 κλάειν
635 3496 972 3548 Hercherus.
1000 3523 1063 3533 -—
1099 3512 1150 3548 v.
1181 3498 1241 3546 11
1283 3491 1515 3561 ἔμελλεν
1552 3497 1745 3559 codex,
1785 3489 1982 3562 ἔμελεν
2016 3495 2317 3550 MeroeruS.
2342 3525 2411 3535 —

168 3596 216 3632 v.
259 3584 327 3632 12
363 3573 541 3648 μόνος
579 3575 643 3632 δέ
679 3580 932 3632 Sti-uvius
966 3581 1002 3633 1.
1042 3598 1090 3632 c.
1127 3598 1181 3647 p.
1221 3583 1338 3633 253.
1375 3607 1442 3618 —
1479 3599 1529 3632 v.
1570 3583 1634 3633 13
1669 3572 1849 3646 μόνον
1884 3581 1976 3634 vel
2010 3583 2193 3647 priore
2228 3575 2410 3648 μόνον

167 3669 375 3716 iterato
423 3665 515 3718 vel
559 3665 890 3732 glossemate
939 3667 1009 3716 ad
1053 3663 1196 3730 γοῦν
1242 3667 1522 3732 adscripto
1567 3672 1743 3718 ortum
1779 3671 1937 3732 putat
1970 3666 2303 3719 HercheruS.
2344 3695 2407 3704 —

165 3767 214 3802 v.
255 3752 324 3801 15
361 3741 704 3816 ἐπονομάσει
744 3750 986 3801 Cobetus
1022 3766 1283 3802 mnemos.
1321 3753 1400 3802 IX
1434 3769 1490 3818 p.
1531 3753 1644 3803 152.
1694 3790 1707 3804 .
1729 3791 1742 3804 .
1765 3787 1779 3801 .
1831 3742 2169 3816 ἐπονομάζει
2204 3743 2407 3818 καλήν.

166 3833 230 3885 εἴ
259 3849 325 3885 σε
359 3832 459 3886 καὶ
498 3824 740 3900 εὔορκον
773 3827 998 3901 ὁμοίως
1019 3833 1387 3900 προσείποιμι
1433 3829 1605 3901 ταχύ,
1641 3829 1719 3900 μὴ
1755 3826 1791 3899 ἦ
1818 3825 2078 3899 Ἄρτεμις
2113 3873 2125 3885 .
2150 3871 2163 3886 .
2187 3874 2201 3888 .
2222 3874 2236 3888 .
2283 3825 2410 3902 άφῇ

164 3916 269 3971 καὶ
321 3909 522 3988 άνέλῃ,
579 3913 724 3986 μένῃ
770 3913 837 3970 δέ
884 3936 931 3971 e.
971 3937 1021 3986 q.
1059 3935 1104 3971 s.
1152 3919 1402 3971 Struvius
1445 3920 1483 3972 l.
1521 3937 1569 3970 c.
1622 3945 1677 3954 -
1737 3935 1792 3972 v.
1830 3921 1893 3969 16
1940 3910 2036 3970 ἐπὶ
2080 3917 2175 3971 σοί
2218 3919 2408 3983 codex,

164 3995 263 4056 ἐπὶ
304 3997 366 4056 σέ
400 4005 756 4056 AbreschiuS.
791 4031 860 4040 —
904 4021 956 4056 v.
994 4007 1057 4055 17
1092 4005 1264 4069 μενεῖ
1292 4005 1495 4068 codex,
1544 4007 1693 4054 errat
1725 4003 2123 4054 Boissonadius
2158 4004 2409 4054 Bastium

163 4093 419 4140 secutus:
461 4091 710 4141 editiones
745 4097 797 4140 et
831 4091 946 4140 cod.
982 4083 1160 4155 μένει.
1229 4081 1394 4153 μένοι
1427 4088 1773 4152 Hercherus,
1812 4089 1904 4152 qui
1936 4088 2107 4139 etiam
2142 4078 2315 4154 άνέλῃ
2354 4093 2411 4139 et

159 4172 460 4238 προσείπω
495 4175 756 4225 vitiosum
794 4179 1002 4226 censet.
1061 4171 1264 4239 πτῶμα
1303 4173 1493 4235 eodm,
1532 4174 1628 4224 sed
1666 4187 1825 4223 erasa
1862 4190 1893 4223 τ
1924 4172 2134 4224 littera.
2160 4199 2229 4210 -—
2263 4187 2317 4226 v,
2342 4175 2410 4223 22

164 4253 335 4308 ἔσται
371 4273 460 4308 σοι
500 4259 670 4309 codex
708 4258 743 4309 l.
785 4276 831 4312 c.
906 4253 1042 4308 ἔστω
1079 4272 1168 4310 σοι
1204 4259 1399 4309 Douza
1434 4259 1474 4308 l.
1513 4274 1561 4310 c.
1597 4275 1649 4324 p.
1670 4260 1770 4309 393
1806 4261 1864 4308 et
1898 4257 2198 4309 Meroerus.
2268 4273 2409 4322 παρ·

160 4337 352 4400 θένος
389 4343 588 4406 codex,
627 4344 826 4408 scripsi
862 4337 1143 4408 παρθένε.
1214 4344 1356 4394 idem
1395 4344 1501 4394 coi.
1538 4343 1874 4397 HercheruS.

269 4443 554 4493 mnnmv,
592 4443 820 4478 cALmM.
1965 4426 2005 4490 9
