2917 4992
1227 316 1704 380 ...148-

572 492 866 572 colloquii
907 491 1087 552 nobis
1131 491 1361 551 sentiat
1406 508 1543 549 esse
1586 489 1777 548 vices.

487 602 634 654 ante
679 594 844 653 fores
890 593 1071 654 sedet
1111 593 1270 651 haec
1316 590 1464 670 quid
1510 609 1811 670 agamque
1854 585 2214 667 rogantibus
2259 589 2455 663 intus,

373 704 444 758 20
570 704 637 756 ut
680 696 913 774 possim
954 702 1084 754 tuto
1131 691 1431 765 scribere,
1482 687 1765 750 ‘dormit’
1811 690 1915 750 ait.

483 818 627 856 mox
669 796 775 857 ubi
818 797 1042 857 secreti
1087 795 1260 872 longi
1305 813 1490 852 causa
1534 793 1795 872 optima,
1840 811 2121 865 somnus,

573 897 885 958 credibilis
931 895 1111 956 tarda
1156 895 1387 955 desinit
1434 914 1573 954 esse
1616 913 1819 968 mora,

483 1001 728 1078 iamque
773 999 988 1058 venire
1033 996 1236 1071 videt,
1285 1016 1441 1077 quos
1486 1015 1614 1054 non
1660 995 1983 1054 admittere
2032 993 2323 1066 durumst,

570 1108 819 1160 excreat
864 1107 928 1159 et
973 1098 1140 1158 dicta
1185 1097 1292 1156 dat
1334 1098 1484 1157 mihi
1528 1098 1709 1174 signa
1751 1104 1920 1155 nota.

329 1199 336 1204 ’
369 1211 436 1264 25
482 1203 636 1260 sicut
683 1209 861 1260 erant
903 1218 1248 1280 properans
1292 1197 1484 1258 verba
1526 1197 1878 1277 inperfecta
1920 1197 2207 1277 relinquo

573 1311 634 1362 et
676 1303 906 1380 tegitur
947 1299 1198 1381 trepido
1239 1301 1448 1360 littera
1494 1308 1717 1378 coepta
1755 1299 1914 1358 sinu.

482 1404 633 1462 inde
678 1422 848 1463 meos
897 1402 1123 1480 digitos
1169 1402 1388 1461 iterum
1432 1402 1699 1480 repetita
1743 1401 1999 1478 fatigat:

568 1512 831 1584 quantus
875 1505 956 1563 sit
997 1501 1178 1562 nobis
1223 1503 1447 1582 aspicis
1493 1502 1630 1580 ipse
1674 1500 1867 1561 labor.

484 1626 602 1686 quo
649 1625 902 1686 peream
944 1607 999 1665 si
1046 1603 1270 1682 dignus
1318 1623 1453 1662 eras
1474 1648 1489 1677 ,
1534 1612 1604 1661 ut
1645 1622 1796 1661 vera
1838 1604 2190 1683 loquamur:

368 1715 440 1768 30
567 1708 682 1767 sed
725 1707 942 1767 melior
985 1707 1144 1766 iusto
1192 1724 1499 1785 quamque
1542 1705 1795 1764 mereris
1842 1723 1979 1782 ego.

483 1828 631 1887 ergo
675 1817 738 1868 te
782 1816 1039 1889 propter
1082 1808 1313 1867 totiens
1359 1807 1596 1865 incerta
1640 1805 1851 1865 salutis

567 1907 924 1970 commentis
969 1927 1207 1988 poenas
1257 1907 1460 1986 doque
1510 1905 1782 1987 dedique
1825 1905 1993 1966 tuis?
2054 1943 2063 1950 -

480 2012 637 2071 haec
681 2009 860 2070 nobis
905 2011 1140 2070 formae
1183 2018 1248 2068 te
1293 2007 1616 2069 laudatore
1660 2007 1967 2087 superbae

565 2112 870 2191 contingit
912 2111 1193 2172 merces?
1251 2119 1313 2170 et
1358 2110 1665 2190 placuisse
1709 2108 1936 2168 nocet?

367 2224 435 2277 35
481 2215 533 2272 si
577 2212 690 2273 tibi
739 2213 1060 2287 deformis,
1111 2211 1276 2293 quod
1319 2211 1597 2284 mallem,
1644 2211 1780 2269 visa
1823 2210 2103 2283 fuissem,

566 2314 878 2393 culpatum
922 2315 1095 2374 nulla
1139 2333 1358 2392 corpus
1405 2320 1621 2390 egeret
1665 2332 1805 2391 ope.

480 2435 644 2474 nunc
687 2416 942 2474 laudata
987 2433 1197 2492 gemo,
1247 2432 1412 2472 nunc
1454 2433 1554 2471 me
1599 2414 1934 2472 certamine
1977 2420 2185 2472 vestro

565 2515 860 2597 perditis,
911 2525 973 2575 et
1015 2515 1267 2594 proprio
1312 2515 1603 2573 vulneror
1647 2515 1786 2592 ipsa
1829 2513 2015 2574 bono.
2093 2583 2099 2588 ¹

483 2618 626 2678 dum
670 2637 878 2698 neque
921 2625 989 2676 tu
1031 2614 1203 2676 cedis
1247 2635 1367 2674 nec
1411 2634 1480 2675 se
1523 2623 1699 2694 putat
1742 2616 1851 2674 ille
1896 2614 2263 2688 secundum,

366 2728 438 2780 40
563 2729 632 2778 tu
673 2720 836 2778 votis
883 2717 1089 2777 obstas
1132 2717 1323 2790 illius,
1369 2717 1478 2775 ille
1521 2717 1661 2776 tuis.

478 2820 620 2900 ipsa
661 2820 833 2880 velut
876 2819 1056 2877 navis
1099 2819 1321 2891 iactor,
1368 2837 1551 2896 quam
1596 2827 1795 2877 certus
1839 2818 1905 2876 in
1951 2818 2137 2876 altum

564 2920 859 2999 propellit
900 2920 1167 2992 Boreas,
1215 2925 1420 2981 aestus
1468 2927 1533 2978 et
1572 2918 1744 2980 unda
1786 2919 2009 2978 refert:

479 3042 735 3102 cumque
783 3021 915 3080 dies
961 3021 1118 3080 caris
1163 3028 1375 3099 optata
1417 3019 1777 3099 parentibus
1820 3020 2040 3092 instat,

562 3122 906 3184 inmodicus
949 3123 1184 3202 pariter
1227 3124 1499 3202 corporis
1544 3121 1728 3182 ardor
1773 3121 1970 3181 adest.

473 3341 523 3378 v.
565 3327 628 3376 19
671 3327 809 3376 inter
851 3326 899 3376 L
935 3326 1025 3376 ΡΒ
1059 3341 1120 3387 v,
1178 3326 1313 3374 intus·
1348 3339 1401 3386 r,
1450 3323 1596 3373 idem
1644 3323 1749 3374 coi.
1787 3322 2067 3372 Heinsius.
2112 3347 2180 3357 —-
2224 3337 2276 3372 v.
2313 3324 2377 3372 21
2423 3325 2579 3388 longe

335 3410 426 3460 1³3
452 3425 563 3470 rv,
609 3411 747 3474 longi
779 3411 844 3460 L.
891 3435 959 3446 -
1005 3425 1057 3460 v.
1095 3411 1161 3459 23
1205 3424 1411 3474 cumque
1449 3407 1775 3459 Gronovius.
1820 3433 1885 3443 -
1928 3422 1980 3460 V.
2016 3407 2083 3456 24
2121 3409 2246 3468 ficta
2278 3407 2324 3456 L
2350 3407 2440 3457 P3
2464 3423 2492 3458 r
2516 3422 2577 3472 v,

337 3501 474 3544 tecta
517 3493 810 3554 Heinsius,
859 3495 994 3543 dicta
1029 3494 1388 3542 Burmannus.
1434 3518 1501 3527 —
1547 3506 1596 3542 v.
1636 3493 1701 3541 25
1744 3493 1875 3540 sicut
1910 3507 2049 3541 eram
2082 3491 2128 3540 L
2154 3490 2243 3541 1³3
2268 3507 2295 3540 r
2316 3508 2380 3552 v,
2440 3493 2579 3543 sicut

336 3585 488 3627 erant
524 3576 1026 3627 Slichtenhorstius.
1102 3576 1179 3626 cf.
1217 3592 1384 3626 amor.
1423 3576 1478 3626 II
1514 3577 1564 3639 5,
1600 3576 1687 3638 45,
1724 3579 1851 3626 met.
1886 3576 1970 3625 III
2008 3575 2130 3633 178,
2168 3575 2243 3625 VI
2278 3575 2394 3637 244,
2431 3575 2577 3627 XIII

335 3662 435 3711 585
473 3661 601 3710 alia.
671 3660 974 3725 imperfecta
1007 3660 1053 3709 L
1078 3659 1167 3710 P3
1192 3676 1219 3709 r
1240 3676 1292 3712 v.
1331 3686 1394 3694 —
1429 3676 1481 3710 v.
1518 3661 1583 3708 26
1620 3667 1771 3710 cauta
1804 3661 1850 3710 L
1876 3659 1964 3711 Ρ3
1988 3675 2016 3710 1·
2038 3674 2099 3723 v,
2136 3659 2334 3724 scripsi
2367 3667 2574 3724 coepta.

335 3773 398 3782 —
436 3763 490 3799 v.
527 3748 591 3796 27
627 3761 764 3796 meus
797 3746 982 3809 digitus
1017 3759 1058 3794 r.
1101 3767 1156 3778 -
1196 3759 1248 3796 v.
1284 3743 1350 3792 28
1385 3727 1566 3793 falsus
1600 3743 1849 3794 Iahnius.
1920 3745 2017 3793 iste
2051 3743 2197 3794 labor
2232 3758 2276 3793 r.
2311 3769 2378 3779 -
2413 3759 2465 3796 v.
2503 3745 2577 3794 29

344 3846 474 3894 quae
507 3845 715 3894 peream
747 3830 795 3880 L
821 3828 940 3894 P3,
987 3844 1085 3894 que
1121 3843 1174 3890 r,
1223 3844 1351 3892 quae
1384 3835 1605 3892 pereant
1637 3843 1690 3880 v.
1728 3844 1829 3893 qua
1858 3841 2069 3892 peream
2102 3825 2194 3876 vel
2230 3842 2328 3892 quo
2361 3841 2579 3891 peream

334 3913 613 3964 Heinsius.
660 3940 724 3948 —
769 3928 822 3963 v.
869 3915 933 3963 30
977 3914 1193 3963 moreris
1224 3928 1277 3964 v.
1347 3927 1439 3962 ero
1474 3912 1522 3962 L
1544 3913 1651 3963 P3.
1699 3937 1764 3948 -—
1811 3927 1867 3962 v.
1902 3911 1969 3962 34
2011 3911 2267 3975 continqet
2298 3910 2388 3961 P3
2412 3925 2467 3961 v.
2504 3937 2577 3946 —-

333 4055 386 4088 v.
414 4038 480 4088 38
501 4003 726 4104 proditis
749 4037 854 4099 P3,
891 4040 1113 4102 proditis
1137 4039 1182 4087 L
1210 4055 1236 4088 r
1259 4055 1311 4089 ν.
1338 4065 1405 4074 -
1429 4055 1480 4090 v.
1506 4040 1572 4088 39
1596 4040 1768 4088 credis
1791 4037 1857 4088 L.
1882 4063 1950 4073 -—
1973 4052 2026 4087 v.
2050 4036 2118 4085 40
2142 4043 2292 4100 optas
2314 4034 2405 4084 P3
2429 4051 2483 4086 v.
2502 4061 2578 4072 —

334 4136 385 4171 v.
424 4123 490 4172 43
537 4138 779 4187 quomque
816 4138 858 4171 r.
930 4125 1086 4171 claris
1123 4123 1185 4170 L.
1231 4148 1298 4157 —
1345 4138 1394 4172 v.
1440 4123 1510 4170 44
1552 4124 1837 4173 immodicus
1871 4123 1917 4172 L
1942 4124 2030 4173 P3
2054 4137 2081 4170 r
2104 4135 2156 4172 V.
2226 4121 2360 4169 inest
2393 4119 2441 4169 L
2468 4135 2496 4168 r
2519 4135 2578 4180 v,

334 4203 385 4236 ad

332 4249 467 4295 inest
499 4247 543 4294 P
565 4251 614 4296 3.
