2917 4992
47 2795 61 4941 *W

1093 319 1519 384 ,(53.-

235 515 329 554 nus
353 495 523 554 Dion.
558 494 686 554 VH
721 503 850 554 llo:
897 480 1082 566 σοφὸς
1111 479 1535 563 αὐτοδίδακτος
1562 482 1772 570 Ἔρως.
1821 495 2087 554 incertus
2122 495 2423 574 epigram-

232 597 479 655 matarius
511 594 676 674 apud
707 595 934 654 Athen.
965 594 1136 654 XIII
1167 615 1230 672 p.
1263 592 1455 657 609d:
1502 585 1959 670 ποικιλομήχαν’
1978 585 2189 673 Ἔρως.
2238 605 2299 655 et
2326 610 2424 654 σο-

236 690 414 768 φιστάς
457 697 677 756 dicitur
719 696 913 756 Amor
957 715 994 754 a
1037 696 1354 774 Meleagro
1403 716 1648 776 quoque
1696 697 1866 756 anth.
1912 697 1985 755 P.
2031 697 2159 757 VII
2202 706 2322 772 421,
2368 707 2421 762 7.

231 819 292 856 ex
329 798 764 878 antiquioribus
795 798 1018 858 similia
1045 797 1436 856 Aristarchus
1482 799 1547 857 in
1578 798 1819 858 Naucki
1848 799 2009 876 frgg.
2040 806 2195 876 trag.
2228 819 2290 877 p.
2324 807 2427 862 564

235 907 284 957 et
317 899 790 977 Anaxandrides
835 901 899 958 in
945 899 1228 958 Meineki
1275 899 1434 977 frgg.
1483 919 1633 958 com.
1680 901 1784 958 III
1832 909 1947 962 199.

370 1003 586 1083 Itaque
633 999 909 1088 Cupid0‚
959 1001 1064 1081 qui
1110 1009 1178 1060 ut
1221 1001 1309 1059 ait
1351 1000 1635 1060 Tibullus
1680 997 1741 1059 Ι
1754 1008 1807 1074 8,
1854 1009 1922 1063 56
1965 1007 2089 1074 ipse
2132 1006 2286 1060 dedit
2325 1021 2424 1060 cu-

217 1106 345 1218 ‘vidis
391 1103 676 1176 fallere
723 1120 935 1176 posse
992 1106 1160 1172 deuS,
1226 1111 1286 1162 et
1343 1101 1422 1162 de
1482 1123 1602 1182 quo
1650 1103 1934 1162 Musaeus
2001 1102 2078 1161 de
2123 1103 2273 1162 Her.
2320 1112 2425 1165 200

221 1192 367 1272 αὐτὸς
421 1189 452 1260 ὃ
510 1195 910 1280 πανδαμάτωρ
965 1195 1369 1282 βουληφόρος,
1428 1204 1693 1263 Acontio
1752 1204 2048 1263 famosum
2101 1203 2273 1263 illum
2327 1205 2419 1262 in-

218 1306 445 1383 spiravit
504 1305 738 1379 dolnm,
807 1315 873 1364 ut
925 1307 1150 1366 malum
1213 1304 1567 1384 Cydonium
1624 1305 1711 1364 ita
1762 1305 2122 1384 inscriptum
2176 1295 2256 1381 μᾶ
2314 1294 2421 1382 τὴν

204 1395 448 1483 ’Ἄρτεμιν
523 1394 810 1488 Ἀκοντίῳ
884 1406 1185 1484 γαμοῦμαι
1256 1406 1322 1464 in
1387 1407 1684 1485 templum
1748 1407 2055 1485 proiceret
2120 1426 2318 1487 eaque
2384 1428 2422 1466 a

215 1506 483 1588 Cydippa
537 1510 701 1568 lecta
758 1509 1017 1567 formula
1071 1507 1410 1587 sponsione
1479 1507 1647 1566 illam
1706 1516 2096 1567 sacrosancta
2161 1508 2421 1568 obstrin-

211 1618 378 1686 geret.
469 1609 750 1688 decerpit
807 1630 1052 1690 pomum
1109 1629 1142 1668 e
1199 1609 1550 1668 Veneris·
1592 1608 1836 1668 horto.
1924 1629 2051 1668 non
2107 1609 2419 1688 prodigio-

209 1731 319 1769 sum
371 1712 546 1771 illum
604 1712 848 1771 hortum
903 1712 1168 1771 Veneris
1239 1710 1536 1788 intellege
1604 1711 1771 1768 cuius
1838 1712 2216 1770 mentionem
2273 1712 2422 1771 facit

207 1813 496 1872 Himerius
546 1833 626 1871 or.
667 1825 689 1874 1
739 1811 779 1889 ἓ
816 1822 880 1876 19
921 1813 1024 1871 vel
1080 1821 1268 1890 poeta
1309 1812 1579 1870 incertus
1623 1811 1689 1869 in
1735 1811 1967 1871 anthol.
2013 1813 2150 1870 Lat.
2196 1812 2417 1871 Meieri

206 1915 264 1972 II
320 1923 480 1990 1022,
558 1922 624 1972 ut
679 1924 1016 1973 ceterorum
1073 1933 1319 1993 quoque
1379 1912 1633 1972 deorum
1697 1913 1858 1971 horti
1925 1912 2192 1973 fabulosi
2262 1933 2416 1972 com-

207 2024 601 2074 memorantur
617 2011 698 2093 ¹),
758 2015 869 2075 sed
927 2035 1138 2093 agrum
1197 2014 1354 2074 deae
1410 2035 1479 2073 re
1534 2033 1683 2074 vera
1726 2015 1874 2074 Deli
1918 2025 2247 2089 sacratum,
2316 2017 2421 2095 qui

211 2115 274 2172 ad
325 2119 526 2195 ipsum
579 2118 842 2176 Veneris
915 2117 1208 2195 templum
1263 2116 1594 2176 Artemisio
1662 2123 1811 2195 puto
1868 2118 2135 2176 vicinum
2160 2113 2211 2193 2)
2267 2118 2417 2176 situs

211 2217 389 2277 fuerit.
477 2221 567 2278 ita
640 2219 754 2276 Ion
829 2218 995 2298 apud
1066 2217 1432 2297 Euripidem
1494 2223 1595 2280 116
1668 2217 1908 2276 laureas
1981 2217 2237 2276 frondes
2308 2209 2419 2290 κη’-

212 2338 322 2374 πων
361 2307 419 2390 ἐξ
464 2308 790 2377 ἀθανάτων
835 2320 1061 2398 petitas
1108 2319 1246 2378 fert.
1337 2339 1408 2380 ac
1450 2320 1703 2392 malum,
1764 2338 1898 2377 cum
1942 2320 2207 2378 Veneris
2254 2328 2421 2378 esset

212 2440 392 2496 sacra,
451 2431 520 2481 ut
574 2422 778 2480 laurus
823 2420 1164 2500 Apollinis,
1225 2421 1390 2480 haud
1450 2441 1587 2480 raro
1651 2420 1808 2480 deae
1866 2421 2111 2500 templis
2159 2420 2421 2480 adsitam

213 2541 330 2580 esse
375 2521 670 2582 credibile
717 2530 828 2582 est.
903 2541 1022 2581 nec
1064 2523 1278 2580 mirum
1321 2517 1501 2596 vere,
1549 2523 1726 2583 huius
1774 2521 2007 2582 arboris
2050 2524 2249 2602 pomis
2297 2524 2420 2580 vim

216 2622 453 2683 infuisse
513 2623 789 2682 divinam
844 2633 934 2692 et!
966 2623 1048 2682 ad
1105 2622 1597 2682 subveniendum
1643 2625 1870 2682 amanti
1919 2625 2415 2682 efficacissimam.

179 2725 290 2813 ‘ita
329 2725 528 2784 felicia
574 2745 818 2805 quoque
863 2726 972 2785 illa
1015 2745 1198 2805 poma
1250 2725 1632 2804 Hippomeni
1690 2745 1727 2782 a
1770 2726 2020 2785 Venere
2064 2724 2291 2784 tradita
2336 2724 2415 2783 ad

218 2844 404 2901 agrum
449 2827 605 2887 deae
638 2825 833 2906 Cypri
879 2836 1178 2910 sacratum
1191 2821 1243 2903 ³)
1291 2826 1658 2899 referuntur,
1705 2827 1827 2886 nisi
1872 2825 2037 2906 quod
2083 2826 2418 2886 fabulosius

222 2923 558 2988 describitur
603 2928 678 2987 ab
727 2927 954 2989 ovidio
1000 2937 1142 2988 met.
1190 2929 1254 2989 X
1297 2936 1401 2991 644
1445 2948 1583 3008 sqq.

491 3056 576 3105 est
620 3065 788 3122 ager,
833 3051 1137 3122 indiyenae
1188 3049 1527 3106 Tamaseum
1574 3051 1799 3105 nomine
1842 3051 2070 3116 dicunt,

492 3152 715 3207 telluris
761 3150 1006 3224 Cypriae
1043 3167 1194 3223 pars
1239 3154 1482 3224 optima,
1530 3168 1702 3223 quam
1747 3151 1887 3206 mihi
1916 3153 2109 3223 prisci

332 3331 369 3397 ¹)
404 3333 619 3384 Oceani
654 3334 795 3383 dicit
828 3333 1018 3384 hortos
1039 3335 1442 3400 Aristophanes
1477 3316 1605 3384 nub.
1634 3335 1749 3393 271,
1786 3334 1935 3384 Iovis
1958 3333 2231 3382 Pindarus
2255 3331 2417 3397 Pyth.

216 3416 281 3466 IX
311 3419 372 3468 53
423 3422 480 3468 et
533 3418 832 3484 Sophocles
887 3419 991 3485 frg.
1031 3421 1130 3471 297
1175 3419 1344 3482 ch.,
1401 3419 1687 3470 Charitum
1744 3419 2016 3468 Pindarus
2076 3417 2165 3470 Ol.
2211 3419 2291 3468 IX
2335 3421 2419 3483 27,

217 3500 415 3552 Nonnus
447 3492 617 3553 Dion.
653 3504 834 3554 XXXI
873 3505 972 3554 204
1008 3520 1124 3569 sqq.
1175 3509 1232 3554 et
1273 3503 1517 3554 XXXIII
1552 3505 1587 3553 4
1624 3519 1767 3569 sqq.‚
1812 3503 2181 3569 Nympharum
2220 3505 2421 3567 Ibycus

219 3583 304 3650 frg.
341 3589 382 3649 1,
422 3587 697 3639 Chloridis
732 3587 1006 3653 nymphae
1044 3588 1274 3639 Ovidius
1313 3589 1441 3639 fast.
1479 3591 1527 3638 V
1563 3591 1691 3652 253,
1738 3589 1963 3640 Iunonis
1998 3593 2216 3654 pratum
2254 3587 2419 3638 Calli-

219 3671 418 3722 machus
461 3673 520 3722 in
556 3674 723 3727 Dian.
763 3675 875 3723 165.
933 3674 1102 3723 etiam
1147 3673 1517 3738 Hesperidum
1563 3673 1756 3724 hortus
1802 3674 2019 3724 deorum
2055 3673 2148 3724 vel
2194 3673 2420 3722 Iunonis

217 3751 377 3818 κῆπος
409 3761 774 3823 nuncupatur.

332 3839 371 3904 ²)
407 3842 572 3894 Certe
609 3843 714 3892 hoc
753 3858 821 3892 ex
855 3844 981 3908 ipsa
1017 3843 1336 3894 narratione
1373 3845 1729 3909 conlegerim.
1800 3845 1858 3892 in
1894 3842 2085 3893 eodem
2119 3857 2249 3892 vero
2284 3845 2418 3892 tem-

221 3922 296 3985 plo
329 3926 687 3978 clarissimum
721 3928 956 3979 Veneris
993 3927 1362 3993 simulacrum,
1403 3928 1544 3992 quod
1579 3927 1929 3978 venerandae
1968 3930 2090 3977 erat
2122 3927 2421 3978 vetustatis

219 4005 299 4068 (cf.
333 4010 543 4065 Gallim.
581 4013 640 4062 in
675 4012 802 4063 Del.
845 4015 943 4064 307
981 4027 1093 4077 sqq.
1129 4012 1274 4065 Plut.
1319 4009 1487 4063 Thes:
1527 4029 1575 4062 c.
1614 4011 1731 4076 21),
1778 4013 2015 4076 positum
2062 4011 2233 4061 fuisse
2269 4012 2419 4062 vide-

221 4095 310 4156 tur,
345 4112 530 4160 parum
568 4101 630 4148 ut
666 4097 1010 4162 probabilem
1048 4097 1244 4148 ducam
1279 4097 1527 4148 Meineki
1565 4098 1933 4146 coniecturam
1964 4095 2179 4146 Gallim.
2215 4097 2274 4146 in
2296 4095 2420 4148 Del.

220 4178 304 4226 308
323 4179 626 4244 ,Κύπριδος
663 4174 911 4246 οἶκοαίης
948 4181 1294 4232 scribendum
1333 4197 1475 4233 esse.

335 4261 372 4326 ⁸)
409 4265 494 4314 cf.
534 4265 829 4316 Claudiani
868 4265 1096 4332 epithal.
1133 4267 1199 4316 49
1237 4281 1351 4331 sqq.
