2917 4992
1414 324 1835 390 —20-.

723 490 1060 560 Βαττιάδεω
1104 487 1266 580 παρὰ
1311 497 1468 574 σῆμα
1510 493 1710 574 φέρεις
1754 489 1974 572 πόδας,
2020 477 2090 555 εὖ
2130 492 2239 572 μὲν
2282 483 2498 572 ἀοιδὴν

805 593 1055 675 εἰδότος,
1099 580 1168 658 εὖ
1213 587 1270 656 δ’
1320 597 1471 681 οἴνῳ
1514 598 1717 678 καίρια
1760 590 2107 677 συγγελάσαι
2124 594 2199 676 1).

506 738 611 798 vel
656 736 844 796 Ovidi
888 756 1100 796 versus
1145 737 1302 796 trist.
1350 736 1419 794 II
1463 743 1563 797 367
1610 755 1704 814 sq.
1754 735 2025 816 denique
2085 753 2485 814 ecquemnam
2528 735 2759 812 fugere

508 848 741 918 potest,
801 837 1200 916 Antipatrum
1241 856 1301 894 v.
1352 847 1501 897 1-——5
1560 855 1663 895 eas
1722 837 1889 914 ipsas
1945 830 2027 894 in¹
2055 835 2424 894 Antimacho
2486 835 2759 894 laudare

507 942 799 1012 virtute8‚
849 959 1002 1018 quas
1049 939 1115 997 in
1162 938 1601 1016 epigrammate
1647 944 1832 996 antea
1874 945 2133 996 tractato
2179 937 2377 1016 poetis
2410 927 2762 994 ἆκανθολό-

507 1060 634 1118 γοις
679 1050 742 1100 et
783 1030 1141 1116 ὖδροπόταις
1185 1039 1458 1116 deneget
1504 1059 1883 1119 quarumque
1930 1040 2235 1098 contraria
2278 1039 2431 1097 vitia
2473 1039 2610 1096 istis
2648 1058 2759 1096 ex-

508 1141 802 1221 probret?
855 1141 1150 1201 sermonis
1196 1141 1358 1200 enim
1402 1141 1593 1200 cultui
1641 1138 1907 1200 delicato
1953 1149 2013 1200 et
2059 1141 2235 1220 quasi
2280 1140 2497 1200 enervi
2540 1149 2758 1198 auste-

508 1264 639 1302 rum
684 1243 967 1323 adeoque
1025 1243 1292 1301 ferreum
1335 1242 1692 1301 Antimachi
1736 1262 1935 1320 genus
1992 1243 2343 1321 oppositum
2398 1248 2520 1314 est,
2578 1231 2761 1311 ἄξιον

507 1336 767 1420 ἀρχαίων
821 1333 1046 1422 ὀφρύος
1101 1335 1394 1418 ἡμιθέων.
1486 1345 1585 1402 cui
1631 1344 1939 1421 congruit,
2002 1341 2173 1423 quod
2226 1343 2293 1400 in
2349 1342 2552 1420 priore
2616 1343 2761 1420 epi-

513 1454 846 1522 grammate
891 1435 1082 1522 ὅὶρσην
1129 1444 1349 1503 dicitur
1391 1444 1731 1518 Homerus,
1781 1464 1967 1523 quam
2009 1444 2254 1502 laudem
2296 1451 2363 1501 ut
2408 1441 2489 1501 ad
2518 1443 2757 1502 Home-

508 1568 642 1606 rum
684 1545 1239 1624 Archilochumque
1281 1561 1479 1625 aeque
1525 1545 1887 1618 referamus,
1937 1545 2128 1621 exigit
2170 1565 2425 1623 magnus
2470 1554 2759 1603 veterum

509 1667 864 1707 consensus,
923 1646 1100 1706 vides
1144 1647 1332 1724 igitur
1374 1655 1637 1724 utroque
1682 1647 2017 1725 composito
2061 1645 2513 1725 epigrammate,
2563 1665 2757 1724 quam

507 1749 835 1828 multiplici
891 1751 1199 1832 rationum
1246 1768 1410 1806 nexu
1453 1748 1760 1807 Homerus
1815 1749 1881 1806 in
1942 1748 2313 1806 consortium
2366 1747 2647 1806 trahatur
2694 1755 2759 1805 et

508 1849 714 1910 laudis
761 1859 823 1908 et
867 1850 1396 1929 reprehensioniS,
1443 1847 1644 1913 laudis
1692 1848 1768 1906 ab
1812 1847 2177 1927 Antipatro,
2237 1849 2758 1927 reprehensionis

511 1971 548 2008 a
593 1950 968 2011 Callimacho
1023 1950 1391 2009 declaratae.

677 2052 794 2111 His
837 2051 1024 2128 igitur
1069 2050 1523 2130 epigrammatis
1570 2049 1906 2110 accuratius
1953 2051 2315 2110 examinatis
2358 2052 2649 2129 interque
2685 2071 2754 2110 se

511 2153 799 2225 conlatis,
862 2151 1026 2231 quod
1085 2172 1281 2230 genus
1341 2171 1418 2210 ex
1474 2150 1717 2210 iudiciis
1760 2152 2321 2211 Alexandrinorum
2372 2150 2613 2230 pendet
2657 2162 2754 2211 to-

507 2263 635 2313 tum
664 2249 736 2330 ²),
787 2255 960 2334 quasi
1007 2273 1120 2332 per
1147 2239 1376 2312 'rimam
1420 2254 1922 2331 introspicientes
1944 2252 2165 2332 *videre
2196 2254 2530 2333 audireque
2563 2252 2755 2313 nobis

647 2486 686 2552 ¹)
721 2487 862 2538 Nam
913 2487 1125 2552 Haupti
1177 2487 1499 2538 coniectura
1552 2479 1896 2554 συνκεράσαι
1948 2503 2057 2538 non
2110 2487 2339 2539 confid0.
2424 2488 2497 2539 cf.
2547 2489 2751 2554 Eurip.

508 2570 716 2622 Bacch.
754 2572 870 2622 380.

645 2655 687 2721 ²)
723 2657 1018 2722 Antipater
1039 2655 1467 2722 Aristophanem
1503 2658 1750 2722 sequitur
1784 2658 1842 2707 in
1866 2656 2198 2708 Archilocho
2228 2660 2284 2707 et
2306 2657 2637 2708 Antimacho
2665 2660 2752 2708 iu-

509 2741 777 2792 dicandis.
840 2741 910 2792 cf.
947 2741 1176 2802 Quintil.
1213 2743 1263 2792 X
1302 2745 1349 2805 1,
1388 2745 1471 2794 53.
1511 2743 1577 2793 de
1614 2741 1946 2793 Archilocho
1982 2742 2371 2806 Aristophanis
2406 2742 2581 2792 habes
2622 2757 2751 2793 sen-

509 2827 741 2877 tentiam
790 2825 908 2876 Cic.
947 2826 1028 2876 .ad
1071 2827 1180 2876 Att.
1227 2827 1355 2876 XVI
1391 2829 1487 2892 11,
1526 2830 1583 2876 2:
1632 2829 1769 2893 quod
1810 2829 2007 2876 vereris
2048 2843 2111 2876 ne
2156 2821 2467 2892 ἀδόλεσχος
2510 2828 2635 2877 mihi
2680 2836 2749 2886 tu,

510 2913 622 2976 quis
656 2913 830 2968 minus,
867 2912 948 2960 cui
981 2919 1044 2959 ut
1080 2911 1523 2976 Aristophani
1556 2912 1943 2962 Archilochi
1974 2911 2232 2971 iambuS,
2268 2913 2343 2962 sic
2379 2914 2599 2976 epistola
2638 2915 2749 2962 lon—

505 2995 712 3060 9issima
736 3009 963 3060 quaeque
989 2996 1178 3059 optima
1201 2996 1418 3045 videtur.
1482 3001 1777 3060 praeterea
1801 2995 2141 3060 peculiarem
2166 3012 2388 3062 operam
2412 2995 2750 3047 Archilocho

516 3079 747 3130 navavit
781 3078 1196 3144 AristophaneS.
1258 3079 1329 3130 cf.
1365 3079 1581 3131 Nauck.
1618 3080 1893 3145 Aristoph.
1926 3083 2058 3145 Byz.
2094 3098 2149 3146 p.
2174 3083 2303 3146 273,
2339 3081 2749 3132 Schneidewin.

508 3163 681 3226 symb.
720 3163 844 3213 crIt.
885 3164 942 3212 in
964 3167 1145 3234 ‚poett.
1184 3163 1284 3229 lyr.
1323 3180 1372 3229 p.
1399 3167 1467 3215 96
1492 3181 1590 3230 sq.,
1627 3164 1843 3216 Nauck.
1878 3165 2068 3230 philol.
2093 3167 2123 3216 I
2157 3181 2209 3231 p.
2236 3167 2335 3217 352
2376 3170 2431 3216 et
2463 3166 2750 3233 Aristoph.

515 3264 566 3313 p.
594 3249 678 3298 60.
727 3247 1153 3315 Aristophanem
1181 3252 1365 3298 autem
1393 3265 1426 3298 a
1451 3248 1785 3300 Callimachi
1811 3251 2062 3315 partibus
2088 3251 2363 3302 defecisse
2388 3250 2523 3300 mihi
2543 3251 2749 3314 videri,

511 3333 623 3383 iam
661 3332 789 3382 olim
828 3333 1136 3384 declaravit
1159 3332 1539 3383 Volkmannus
1573 3333 1609 3384 1.
1638 3351 1685 3384 c.
1713 3351 1764 3400 p.
1792 3336 1876 3385 26.
1938 3337 2107 3385 etiam
2141 3335 2463 3401 Apollonius
2498 3335 2752 3386 Rhodius

517 3418 944 3467 commentarios
991 3419 1213 3484 scripsit
1257 3419 1315 3468 in
1362 3419 1750 3469 Archilochum
1796 3424 1939 3470 teste
1982 3419 2270 3470 Athenaeo
2311 3421 2394 3470 III
2424 3422 2521 3471 451
2554 3421 2607 3472 d.
2686 3405 2787 3472 ex'

511 3499 865 3566 anthologiae
890 3503 1068 3567 poetis
1095 3500 1531 3552 Callimacheum
1557 3509 1815 3554 secuntur
1841 3505 1907 3554 de
1933 3503 2264 3554 Archilocho
2289 3505 2551 3555 iudicium
2572 3504 2750 3555 Iulia-

509 3598 610 3633 nus
646 3583 750 3634 VII
775 3586 840 3636 69
879 3589 934 3634 et
959 3585 1279 3636 Gaetulicus
1305 3587 1411 3636 VII
1438 3587 1523 3638 71.
1577 3589 1648 3645 cf.
1687 3591 1855 3638 etiam
1880 3589 2117 3654 Longin.
2156 3590 2223 3639 de
2262 3589 2401 3640 subl.
2426 3588 2676 3641 XXXIII
2700 3592 2749 3641 5.

513 3673 568 3718 et
601 3669 786 3718 haesit
819 3669 982 3719 Pario
1021 3669 1227 3734 aliquid
1265 3669 1681 3722 Callimacheae
1716 3675 2141 3738 vituperationis
2178 3675 2324 3739 apud
2361 3674 2591 3736 Quintil.
2631 3675 2671 3724 l.
2701 3693 2750 3725 c.

511 3755 574 3804 59
612 3768 692 3818 sq.
739 3760 909 3820 itaque
953 3770 1023 3804 ex
1059 3755 1219 3805 tribus
1261 3757 1488 3819 receptis
1524 3755 1821 3807 Aristarchi
1868 3760 2055 3808 iudicio
2100 3759 2438 3823 scriptoribus
2471 3757 2753 3809 iamborum

509 3839 582 3887 ad
615 3831 734 3900 ἕξιν
767 3840 982 3889 maxime
1013 3838 1290 3904 pertinebit
1333 3856 1458 3889 unus
1508 3839 1956 3893 Archilochus.
2027 3860 2213 3894 summa
2246 3845 2299 3893 in
2334 3843 2429 3894 hoc
2462 3845 2539 3893 vis
2574 3846 2751 3894 elocu-

511 3923 686 3982 tionis,
721 3939 832 3973 cum
865 3925 1064 3982 validae
1101 3930 1198 3973 tum
1233 3923 1410 3974 breves
1443 3923 1799 3990 vibrantesque
1832 3928 2139 3991 sententiae,
2187 3929 2451 3992 plurimum
2484 3930 2753 3992 sanguinis

511 4012 661 4071 atque
697 4023 973 4066 nervorum,
1009 4010 1168 4059 adeo
1203 4015 1266 4058 ut
1310 4011 1609 4059 videatur
1654 4011 2050 4075 quibusdam,
2098 4013 2268 4077 quod
2300 4028 2605 4078 quoquam
2640 4015 2753 4063 mi-

513 4105 627 4139 nor
662 4098 778 4149 est,
827 4094 1136 4142 materiae
1173 4108 1336 4152 esse,
1375 4111 1494 4145 non
1526 4096 1771 4158 ingenii
1814 4097 2041 4146 vitium.
2116 4111 2339 4160 quorum
2379 4099 2627 4145 extrema
2667 4097 2751 4146 ita

511 4171 750 4236 corrigo:
797 4177 928 4226 adeo
973 4183 1027 4225 ut
1060 4179 1292 4228 videatur
1337 4179 1652 4243 quibusdam,
1702 4181 1840 4244 quod
1880 4196 2194 4246 numquam
2236 4183 2457 4231 mitior
2502 4188 2605 4238 cst,
2656 4184 2747 4232 in-

506 4256 682 4316 genii
715 4272 826 4306 esse
861 4274 960 4308 non
1003 4264 1310 4311 materiae
1345 4265 1527 4312 vitium.
1588 4278 1714 4312 nam
1739 4263 1885 4313 Plut.
1921 4264 1988 4314 de
2026 4264 2299 4315 audiendo
2327 4267 2415 4314 13:
2452 4258 2749 4331 μέμψαιτο
