2917 4992
1355 308 1814 372 „104-

473 487 584 547 der
627 461 1124 560 Alexandriner)
1184 482 1351 564 apud
1395 482 1711 541 Prutzium
1763 482 2211 540 litteral-histor.
2256 478 2707 539 Taschenbuch

473 597 608 652 1846
651 611 713 668 p.
762 596 890 661 181,
955 606 1135 666 quem
1178 605 1238 644 V.
1287 585 1472 644 etiam
1518 583 1750 655 Ztschr.
1809 583 1852 642 f.
1899 583 1977 642 A.
2028 590 2159 644 1847
2205 603 2269 661 p.
2321 589 2416 644 137
2463 602 2556 661 sq.
2626 581 2704 641 ab

471 691 651 751 aetiis
699 688 1055 769 Cydippam
1099 687 1451 766 segregavit
1494 685 1804 746 Rauchius
1863 703 2109 764 quoque
2170 683 2271 742 die
2315 683 2539 761 Elegie
2597 682 2707 743 der

471 784 935 852 Alexandriner
993 786 1183 868 (1845)
1231 809 1294 868 p.
1342 797 1404 851 31
1455 808 1581 868 sq.,
1643 789 1740 846 cui
1795 787 2111 866 proprium
2168 795 2373 846 tamen
2428 785 2709 845 mirabile

470 895 589 953 hoc
644 871 1082 953 commentum:
1170 893 1322 950 Dass
1375 893 1512 948 aber
1566 893 1653 948 die
1704 891 1893 964 Eleyie
1947 890 2213 964 Kydippe
2274 907 2387 946 nur
2446 890 2713 964 yedichlet

473 999 639 1054 ward
649 1042 663 1068 ,
723 1015 816 1054 um
863 995 1325 1053 Neuvermaehlte
1369 1011 1439 1050 zu
1480 994 1668 1067 feiern
1686 1035 1699 1061 ,
1744 993 1875 1066 qeht
1921 1008 2025 1049 aus
2068 993 2175 1048 den
2232 993 2467 1048 Worten
2506 992 2711 1048 her-vor

475 1103 574 1156 mit
627 1099 868 1157 melchen
925 1100 1004 1155 sie
1057 1097 1268 1154 schloss
1327 1096 1447 1153 und
1498 1098 1555 1151 in
1620 1096 1795 1151 denen
1851 1095 2127 1150 Niemand
2188 1095 2295 1151 den
2356 1098 2710 1166 stereotypen

473 1202 795 1262 Char-ahter
849 1202 955 1256 der
1009 1197 1306 1272 officiellen
1363 1197 1522 1270 Hos-
1592 1196 1712 1253 und
1766 1197 2333 1268 Gratulationspoesie
2394 1197 2713 1252 verleennen

474 1305 632 1360 wird.
723 1301 974 1360 saniora
1028 1298 1195 1358 idem
1246 1295 1480 1357 iudicat
1531 1297 1600 1356 in
1654 1315 1892 1375 nupero
1950 1295 2165 1356 libello
2222 1295 2327 1355 die
2370 1295 2540 1354 Aitia
2599 1295 2711 1355 des

473 1400 896 1462 Kallimachos
943 1422 1004 1481 p.
1037 1407 1123 1474 40,
1169 1398 1275 1458 ubi
1316 1398 1683 1460 Buttmanni
1728 1399 2081 1458 sententiae
2124 1398 2375 1456 firmiter
2418 1417 2556 1457 sese
2602 1397 2711 1456 ad-

479 1500 702 1582 dicit.¹)
729 1524 800 1562 ac
821 1502 1005 1562 fidem
1026 1501 1376 1561 habuerunt
1397 1496 1763 1561 scholiastae
1787 1508 1929 1580 post
1940 1501 2379 1560 Buttmannum
2390 1499 2712 1560 Heckerus

477 1626 688 1665 comm.
748 1603 906 1665 Call.
964 1624 1027 1684 p.
1085 1614 1180 1671 51.
1213 1611 1275 1662 et
1333 1613 1465 1677 110,
1543 1603 1849 1681 Bergkius
1910 1602 2081 1661 anth.
2138 1602 2257 1680 lyr.
2314 1621 2375 1680 p.
2435 1609 2563 1674 125,
2636 1599 2710 1660 O.

477 1707 891 1768 Schneiderus
935 1706 1216 1785 prolegg.
1263 1705 1328 1763 in
1375 1717 1498 1765 aet.
1543 1725 1607 1784 p.
1654 1713 1731 1767 6..
1798 1701 2016 1784 quibus
2060 1703 2245 1762 miror
2288 1703 2713 1762 auctoritatem

476 1809 698 1868 deesse
741 1807 1136 1886 Bernhardyi
1191 1807 1255 1864 in
1313 1807 1456 1867 hist.
1503 1807 1619 1865 litt.
1670 1805 1777 1867 Gr.
1825 1806 1891 1865 II
1936 1799 1994 1866 1²
2051 1825 2112 1884 Ρ.
2156 1812 2256 1867 491
2303 1805 2459 1864 haec
2504 1804 2713 1884 dispu-

473 1911 698 1971 tantis:
757 1913 894 1968 Was
922 1927 1036 1966 nun
1067 1909 1330 1983 eleyische
1361 1910 1683 1983 Rhytlzmen
1712 1909 1831 1978 hut,
1878 1908 2127 1965 enthaelt
2164 1909 2439 1964 enlmeder
2470 1909 2713 1964 Gnomen

475 2017 594 2072 und
634 2013 1024 2085 Beziehunqen
1069 2011 1181 2084 auf
1218 2013 1321 2067 das
1363 2012 1713 2068 Privalleben
1742 2051 2169 2078 ...........
2225 2011 2363 2066 oder
2406 2025 2464 2065 es
2505 2010 2715 2083 haenyt

475 2119 575 2172 mit
619 2117 740 2172 dem
783 2113 1064 2170 lieblichen
1111 2114 1401 2170 Gemaelde
1443 2108 1729 2185 Κυδίππη
1772 2127 2107 2179 zusammen,
2154 2128 2343 2168 movon
2386 2112 2473 2168 die
2514 2127 2712 2184 spaer-

477 2218 654 2274 lichen
698 2218 872 2273 Reste
919 2217 1238 2272 Buttmann
1275 2259 1285 2272 .
1318 2259 1330 2272 .
1361 2257 1376 2272 .
1399 2259 1413 2272 .
1462 2217 1683 2272 ordnet.
1770 2216 1861 2270 Da
1914 2215 2017 2269 der
2062 2212 2223 2286 Stoff
2271 2214 2554 2270 derselben
2600 2217 2717 2270 eine

481 2318 802 2376 Geso-hichie
853 2319 956 2374 der
1003 2305 1339 2389 Geyenwart
1392 2321 1487 2373 mit
1542 2317 1967 2374 romantischem
2011 2315 2279 2370 Austrich
2332 2315 2568 2387 beyreift
2584 2359 2599 2384 ,
2657 2331 2717 2371 so

478 2421 698 2478 scheint
741 2435 800 2474 es
843 2419 992 2474 nicht
1030 2419 1304 2492 ylaublich
1348 2421 1483 2476 dass
1510 2419 1575 2474 K
1566 2421 1789 2492 ydippe,
1836 2421 1941 2473 wie
1985 2419 2252 2472 letzterer
2295 2417 2585 2486 annimmt,
2631 2419 2718 2472 ein

482 2521 638 2578 Glied
665 2521 766 2576 der
795 2515 982 2578 Αἴτια
1023 2538 1146 2577 mar
1189 2522 1326 2577 oder
1369 2524 1465 2576 mit
1492 2523 1645 2577 einer
1676 2519 1999 2591 Sammlunq
2026 2519 2253 2590 heiliyer
2280 2518 2399 2574 und
2426 2519 2720 2574 oertlicher

479 2622 900 2696 Mythenlcreise
929 2623 1535 2697 zusammenyehanyen
1564 2623 1786 2684 Μαῖα
1831 2639 1961 2678 man
2002 2621 2242 2676 moechia
2270 2619 2449 2677 daher
2476 2621 2596 2692 auf
2612 2622 2717 2677 den

479 2728 636 2782 einen
665 2724 1017 2782 Hexameter
1045 2728 1282 2799 meniyer
1311 2725 1511 2794 bauen,
1558 2726 1673 2780 und
1700 2724 1835 2780 eher
1874 2723 2109 2791 denken,
2156 2723 2289 2778 dass
2331 2723 2437 2778 das
2467 2721 2718 2780 Scholion

478 2844 554 2882 zu
600 2826 904 2898 Sopholcles
947 2827 1307 2900 lueclcenhasl
1344 2829 1417 2883 ist
1457 2830 1546 2885 als
1588 2828 1721 2882 dass
1764 2825 2149 2881 Kallimachus
2191 2825 2447 2881 zweimal
2488 2825 2719 2882 dieselbe

480 2929 658 2983 Fabel
695 2929 856 2983 sollte
899 2928 1194 2983 behandelt
1236 2928 1432 2984 haben.
1524 2925 1857 3006 Cydippae
1913 2925 2244 2985 historiam
2286 2943 2320 2984 e
2364 2927 2719 3004 praesentia

484 3045 622 3086 esse
665 3035 996 3105 sumptam,
1044 3026 1110 3086 id
1155 3028 1222 3089 ni
1265 3034 1399 3086 tota
1439 3029 1603 3088 illius
1649 3029 1845 3087 forma
1896 3035 2083 3106 atque
2126 3027 2341 3086 indole
2399 3027 2717 3087 refellere·

480 3137 596 3202 tur,
643 3129 747 3212 vel
791 3147 863 3187 eo
913 3137 1078 3188 esset
1117 3137 1475 3207 argumento
1522 3127 1920 3202 reiciendum,
1970 3127 2137 3209 quod
2175 3137 2471 3208 usurpata
2517 3137 2613 3188 est
2654 3131 2717 3187 in

480 3230 804 3290 heroidum
875 3229 1032 3293 libro
1101 3229 1442 3306 Ovidiano,
1523 3251 1643 3311 quo
1719 3251 1844 3290 non
1919 3231 2041 3290 nisi
2112 3237 2396 3289 vetustae
2472 3229 2719 3290 fabulae

481 3340 845 3392 tractantur.
907 3351 1090 3412 quem
1119 3352 1268 3392 vero
1296 3333 1744 3412 Bernhardyus
1790 3333 2192 3392 romanticum
2240 3331 2389 3392 dicit
2433 3333 2717 3406 colorem,

483 3433 536 3490 is
595 3430 671 3491 ab
731 3434 908 3493 aetiis
971 3433 1398 3494 Callimacheis
1456 3436 1706 3494 minime
1768 3435 2043 3512 gentium
2102 3441 2233 3492 erat
2290 3434 2547 3494 alienus.
2640 3433 2719 3493 ad

484 3554 795 3603 summam,
840 3535 1040 3614 ipsum
1085 3537 1453 3596 scholiastae
1481 3537 1900 3596 testimonium
1930 3536 2184 3615 planum
2215 3543 2309 3594 est
2340 3554 2412 3594 ac
2440 3535 2719 3614 probum.

485 3637 537 3695 si
571 3635 723 3716 quid
751 3656 900 3696 vero
945 3636 1112 3715 quod
1144 3639 1485 3717 perspicuis
1524 3637 1731 3698 verbis
1766 3637 2079 3716 proditum
2108 3638 2189 3696 sit
2216 3637 2283 3696 in
2314 3637 2721 3716 suspitionem

483 3739 762 3798 volumus
809 3737 1150 3813 adducere,
1208 3740 1511 3819 proficisci
1560 3738 1856 3800 debemus
1903 3761 2030 3801 non
2076 3738 2153 3798 ab
2202 3739 2291 3798 eis
2338 3757 2498 3819 quae
2541 3757 2719 3818 prae-

613 4005 654 4072 ¹)
707 4010 792 4058 Ea
829 4024 1041 4075 quoque
1079 4010 1136 4060 in
1172 4025 1230 4059 re
1267 4009 1498 4061 meliora
1532 4009 1614 4059 ibi
1650 4009 1878 4060 edoctus
1916 4013 2003 4059 est
2036 4008 2347 4072 Rauchius,
2396 4007 2540 4074 quod
2577 4006 2723 4058 Ceus

484 4091 700 4151 iuvenis
737 4093 1067 4144 Acontius
1116 4095 1166 4143 ei
1214 4093 1555 4159 appellatur,
1614 4109 1724 4144 non
1760 4093 2117 4144 Acontion.
2166 4121 2228 4129 -—
2276 4094 2433 4158 piget
2490 4092 2721 4143 aliorum

487 4175 708 4226 adicere
745 4178 995 4243 nomina,
1031 4183 1094 4228 ut
1128 4178 1433 4230 Thionvilli
1470 4179 1538 4229 de
1577 4183 1695 4229 arte
1733 4177 2068 4228 Callimachi
2104 4177 2279 4242 (1855)
2315 4195 2370 4243 p.
2397 4178 2481 4241 38,
2518 4175 2723 4228 Lincki

485 4259 554 4310 de
593 4258 924 4311 Callimachi
956 4262 1076 4312 vita
1111 4266 1167 4312 et
1201 4263 1426 4328 scriptis
1462 4261 1637 4328 (1862)
1673 4279 1728 4328 p.
1764 4265 1848 4313 29.
