2917 4992
1113 315 1533 388 *89*

214 495 410 575 potius
455 493 802 571 significare
847 490 1135 552 arbitrer:
1182 491 1294 550 sed
1324 509 1553 550 morem
1598 491 1817 550 cinon
1861 497 2206 568 gesserunt.
2269 489 2437 570 quod

215 598 287 657 de
331 596 428 656 dis
475 595 703 654 dictum
746 601 893 674 puto
939 594 1147 675 aliqua
1191 601 1336 652 ante
1381 600 1849 673 commemorata
1893 593 2271 672 precatione.
2358 593 2437 652 cf.

217 697 448 758 Gallim.
485 698 554 757 in
583 697 727 756 Del.
762 703 881 758 116.
941 716 1015 754 ac
1053 694 1239 754 video
1282 695 1400 755 hoc
1441 695 1558 772 frg.
1593 693 1813 754 eadem
1841 695 2081 754 ratione
2127 714 2164 752 a
2191 695 2437 754 Boisso·

214 799 392 860 nadio
441 798 525 858 ad
573 797 810 859 Gallim.
857 819 920 877 p.
951 804 1054 860 207
1083 816 1178 876 sq.
1226 797 1543 877 explicari.
1634 797 1813 856 aliter
1854 795 2178 857 Heckerus
2225 815 2437 856 comm.

217 901 289 962 de
329 900 504 960 anth.
553 900 661 962 Gr.
713 908 848 963 1843
889 921 951 978 p.
997 905 1120 961 269.

376 1002 688 1062 Continuo
718 1001 999 1060 Athenas
1032 1001 1188 1079 petit
1221 1000 1741 1062 adulescentulum
1831 1001 1995 1081 quod
2040 1001 2190 1060 licet
2232 1001 2442 1061 rhetor

216 1127 332 1164 non
379 1111 837 1175 commemoret,
909 1103 1156 1161 omnino
1213 1122 1379 1162 nunc
1435 1101 1751 1162 dimittens
1805 1103 2139 1162 Acontium
2191 1102 2273 1162 ad
2329 1123 2441 1161 uu-

214 1207 468 1284 ptiarum
522 1223 720 1284 usque
785 1204 1189 1277 mentionem,
1258 1205 1454 1266 latere
1521 1212 1727 1264 tamen
1784 1204 2044 1263 vidimus
2109 1205 2176 1262 in
2233 1202 2439 1262 verbis

214 1301 556 1382 μαθήσομαι
600 1296 785 1383 μόνον
833 1325 884 1368 e.
921 1327 981 1386 q.
1015 1327 1063 1365 s.
1120 1307 1331 1385 itaque
1376 1305 1538 1364 hanc
1585 1325 1827 1386 quoque
1870 1325 1999 1364 rem
2032 1303 2440 1365 Callimachus

213 1410 472 1488 praeivit
515 1415 742 1487 poetae
773 1407 1016 1467 Latino,
1063 1407 1115 1466 is
1149 1408 1312 1466 enim
1358 1406 1434 1467 ab
1465 1406 1732 1466 Acontio
1777 1406 1843 1464 in
1878 1405 2209 1486 Cydippae
2241 1407 2443 1487 patria

211 1511 356 1570 urbe
402 1517 688 1568 versante
735 1509 1060 1588 epistulam
1100 1509 1278 1588 fingit
1321 1508 1400 1566 ad
1447 1508 1617 1567 illam
1652 1506 1970 1587 perscribi,
2014 1506 2082 1566 id
2116 1516 2210 1567 est
2252 1509 2318 1566 in
2367 1529 2439 1568 eo

212 1631 406 1671 rerum
439 1611 668 1689 gradu,
717 1611 796 1670 ad
843 1629 1024 1691 quem
1067 1630 1234 1670 nunc
1276 1610 1674 1690 pervenimus
1720 1607 1863 1668 dum
1906 1606 2157 1670 fabulae
2202 1629 2442 1672 cursum

213 1715 536 1795 sequimur.
1240 1713 1243 1720 '

374 1816 508 1874 Iam
539 1815 702 1874 enim
732 1834 846 1874 nos
880 1833 1014 1873 cum
1035 1813 1434 1874 Aristaeneto
1469 1812 1825 1872 subitarium
1854 1832 2193 1892 parumque
2226 1813 2443 1872 scitum

210 1918 527 1977 transitum
572 1915 911 1976 adhibente
957 1923 1018 1975 et
1075 1935 1209 1974 cum
1263 1917 1399 1995 ipso
1459 1915 1645 1975 etiam
1692 1913 2063 1976 Callimacho
2112 1914 2333 1975 eodem
2376 1916 2443 1974 ni

212 2019 393 2078 fallor
434 2038 637 2078 rerum
681 2016 899 2077 ordine
943 2016 1059 2076 sed
1103 2025 1235 2076 arte
1282 2018 1603 2097 aliquanto
1646 2019 1879 2077 maiore
1914 2038 2024 2076 uso
2072 2017 2153 2077 ad
2200 2038 2275 2078 ea
2305 2038 2443 2098 per-

211 2121 404 2198 gimus
447 2118 814 2200 repetenda,
863 2140 1019 2199 quae
1059 2119 1308 2178 interim
1348 2118 1683 2200 ⁸Cydippae
1712 2118 1876 2178 Delo
1920 2138 2243 2198 regressae
2286 2120 2441 2178 acci·

214 2220 432 2282 derant
476 2230 623 2281 ante
671 2242 851 2301 quam
879 2221 1180 2282 Acontius
1226 2222 1508 2282 Athenas
1551 2229 1836 2281 venerat.

379 2323 470 2404 Τῇ
529 2318 590 2381 δὲ
643 2321 931 2405 Κυδίππῃ
991 2312 1140 2400 πρὸς
1198 2319 1398 2400 ἕτερον
1453 2312 1831 2398 ῃῦτρεπίζετο
1883 2315 2090 2401 γάμος.
2173 2318 2275 2380 καὶ
2330 2310 2445 2400 πρὸ

211 2425 309 2499 τῆς
353 2416 651 2495 παστάδος
694 2413 800 2483 τᾶν
842 2414 1126 2503 ὑμέναιον
1169 2409 1320 2510 ᾗδὸν
1364 2423 1434 2484 αἱ
1469 2417 1902 2501 μουσικώτεραι
1958 2423 2079 2483 τῶν
2122 2419 2445 2504 παρθένων

212 2522 307 2584 καὶ
338 2519 890 2604 μειλιχόφωνοι
933 2527 1107 2586 τοῦτο
1156 2517 1228 2603 δὴ
1263 2527 1556 2602 Σαπφοῦς
1600 2517 1667 2586 τὸ
1699 2518 1943 2602 ἥδιστον
1988 2521 2249 2603 φθέγμα.
2310 2513 2443 2583 ἀλλ’

212 2622 384 2703 ἄφνω
425 2622 750 2704 νενόσηκεν
793 2619 832 2705 ἡ
876 2633 1048 2704 παῖς,
1094 2626 1194 2688 καὶ
1239 2619 1388 2706 πρός
1432 2619 1699 2704 ἐκφορὰν
1741 2615 1873 2685 ἀντὶ
1919 2626 2344 2704 νυμφαγωγίας
2388 2625 2453 2684 οἵ

212 2723 475 2801 τεκόντες
521 2724 743 2810 ἑώρων.
836 2731 1250 2793 Callimachea
1276 2732 1466 2810 igitur
1495 2729 1775 2790 condivit
1820 2729 2101 2806 sophista
2133 2728 2441 2807 SapphuS,

211 2843 276 2894 ut
319 2854 506 2914 supra
534 2833 821 2907 Hesiodi,
869 2832 1190 2894 ambitiosa
1231 2833 1570 2892 mentione.
1642 2851 1777 2891 ,nec
1820 2849 1969 2890 vero
2013 2831 2183 2889 illam
2226 2829 2444 2890 credas

212 2936 406 3016 ipsam
463 2936 521 2995 ei
573 2936 936 3015 inspectam.
1025 2935 1422 3014 impudenter
1482 2935 1648 2994 enim
1704 2933 2116 3013 despoliatum
2160 2931 2446 2992 observa-

213 3045 354 3096 runt
410 3038 854 3098 Philostratum
907 3057 1040 3098 sen.
1097 3038 1322 3116 imagg.
1369 3038 1440 3100 H
1490 3048 1550 3099 l:
1586 3081 1600 3096 .
1629 3081 1645 3096 .
1674 3083 1687 3096 .
1715 3080 1729 3095 .
1762 3034 2040 3093 τοσοῦτον
2084 3020 2449 3110 ἆμιλλῶνται

215 3130 558 3216 ῥοδοπήχεις
631 3133 731 3196 καὶ
812 3133 1160 3210 ἑλικώπιδες
1235 3135 1338 3197 καὶ
1405 3129 1805 3218 ‚cantandoque
1869 3132 1969 3194 καὶ
2033 3133 2447 3212 μελίφωνοι

217 3241 507 3316 Σαπφοῦς
561 3239 730 3298 τοῦτο
780 3229 852 3314 δὴ
899 3230 962 3298 τὸ
1008 3235 1254 3316 ἥδιστον
1297 3231 1710 3316 πρόσφθεγμα.
1737 3235 1785 3314 ¹)
1875 3239 2117 3316 utrique
2162 3236 2448 3315 scriptori

217 3343 379 3404 idem
425 3363 560 3403 esse
607 3342 918 3422 proditum
963 3343 1250 3424 Sapphus
1295 3341 1579 3415 verbum,
1644 3360 1825 3400 nemo
1881 3338 2065 3398 facile
2124 3336 2446 3398 dubitabit.

219 3454 398 3526 atque
444 3445 640 3504 codex
683 3444 1066 3504 Aristaeneti
1111 3465 1192 3503 ne
1235 3443 1424 3504 habet
1470 3443 1720 3523 quidem
1763 3433 2223 3518 μειλιχόφωνοι,
2289 3459 2449 3520 quae

219 3547 474 3608 Mercari
520 3547 874 3607 coniectura
919 3555 1042 3621 est,
1106 3545 1218 3606 sed
1263 3542 1703 3621 μειλιχίφωνοι,
1764 3543 1935 3603 unde
1992 3542 2310 3602 Iacobsius
2368 3541 2448 3600 ad

219 3649 504 3708 Philostr.
551 3657 717 3708 recte
753 3649 956 3707 effecit
983 3646 1320 3724 μελίφωνοι.
1335 3641 1386 3723 ²)
1458 3647 1627 3706 cuius
1662 3645 2058 3706 correctionis
2090 3645 2449 3703 confirmant

220 3750 536 3809 veritatem
582 3741 742 3831 quae
787 3749 992 3808 addit:
1061 3767 1240 3808 vocem
1271 3769 1306 3806 a
1326 3753 1550 3822 poetria
1582 3749 1775 3806 Lesbia
1806 3752 2084 3806 inventam
2114 3748 2192 3802 ad
2218 3746 2447 3801 eandem

349 3933 388 3998 ¹)
426 3935 725 4000 Vtrumque
762 3933 939 3985 locum
977 3948 1139 3998 quam
1167 3933 1367 3982 misere
1404 3947 1514 3982 non
1541 3931 1793 3996 ceperint
1826 3931 2156 3995 interpretes
2179 3926 2447 3990 nonnulli,

224 4035 287 4068 ex
319 4019 646 4069 Boissonadi
681 4019 828 4068 notis
863 4017 1053 4067 videre
1089 4017 1244 4066 licet.

349 4097 392 4166 ἰ’)
431 4103 634 4153 Contra
670 4104 840 4154 reicio
880 4106 1098 4152 ceteras
1135 4101 1379 4152 eiusdem
1415 4101 1767 4160 mutationes,
1806 4097 2003 4164 quibus
2040 4096 2097 4146 id
2132 4094 2308 4146 voluit
2330 4095 2448 4146 vio-

221 4186 420 4236 lentius
457 4185 708 4250 efficere,
756 4192 816 4237 ut
851 4187 1071 4250 singula
1105 4185 1443 4235 Aristaeneti
1486 4186 1657 4234 verba
1702 4181 2089 4234 Philostrateis
2136 4179 2451 4231 accuratius

222 4271 272 4321 h.
308 4269 347 4320 1.
386 4271 790 4338 responderent.
865 4272 1070 4324 etenim
1109 4271 1289 4320 solent
1321 4271 1418 4320 isti
1453 4267 1723 4332 variando
1759 4267 1985 4367 imitari.
