2917 4992
1073 337 1497 401 „51-

201 535 347 590 μεναι
391 505 726 586 Κυκλᾰδες,
785 501 936 570 κατὰ
979 500 1156 587 τιμὴν
1201 506 1533 586 πέμπουσαι
1583 507 1833 592 δημοσίᾳ
1868 504 2150 590 ’θεωρούς
2195 531 2253 570 τε
2298 509 2401 572 καὶ

201 614 392 687 θυσίας
434 611 530 673 καὶ
580 603 791 692 χορούς
837 609 1164 692 παρθένων
1207 604 1575 690 πανηγύρεις
1630 633 1689 670 τε
1734 607 1799 670 ἔν
1842 600 1995 694 αὐτῇ
2037 606 2400 692 συνάγουσαι

201 707 456 795 μεγάλας,
514 717 672 775 haec
723 714 1044 796 aliquanto
1100 715 1284 775 latius
1329 713 1651 794 patebant.
1740 734 1883 774 nam
1926 735 2101 776 sacra
2142 717 2401 776 Deliaca

201 829 400 878 certum
461 827 556 878 est
610 837 737 878 non
786 815 1132 897 Cycladum
1179 815 1517 875 incolarum
1573 816 1764 876 fuisse
1823 813 2172 897 propria1),
2234 819 2401 898 quod

199 929 453 980 testatum
507 921 658 979 facit
701 918 1106 999 Thucydides
1153 918 1257 978 III
1303 925 1432 979 104:
1506 901 1583 992 ἦν
1640 913 1706 976 δέ
1758 936 1897 976 ποτε
1950 914 2053 977 καὶ
2108 913 2172 978 τὸ
2217 913 2403 977 πάλαι

198 1013 390 1099 μεγάλη
445 1015 690 1094 ξύνοδος
747 1017 804 1092 ἐς
863 1010 972 1097 τὴν
1034 1015 1232 1095 Δῆλον
1287 1017 1407 1076 τῶν
1454 1007 1675 1078 Ἰώνων
1733 1039 1795 1078 τε
1851 1015 1951 1078 καὶ
2006 1014 2401 1096 περικτιόνων

199 1125 496 1198 νησιωτῶν·
557 1115 668 1196 ξύν
721 1143 783 1182 τε
835 1113 950 1201 γὰρ
1005 1117 1242 1200 γυναιξὶ
1286 1116 1387 1178 καὶ
1427 1117 1635 1180 πάισὶν
1678 1114 2003 1200 ἐθεώρουν,
2050 1114 2244 1197 ὥσπερ
2289 1124 2403 1182 νῦν

197 1221 244 1296 ἐς
279 1219 342 1284 τὰ
377 1221 624 1302 Ἐφέσια
652 1218 880 1300 Ἴωνες,
925 1220 1028 1283 καὶ
1069 1213 1240 1301 ἆγών
1285 1218 1539 1281 ἐποιεῖτο
1580 1213 1802 1282 αὐτόθι
1846 1220 1947 1283 καὶ
1977 1213 2269 1304 γυμνικὸς
2298 1221 2400 1284 καὶ

196 1321 468 1403 μουσικός,
513 1321 726 1406 χορούς
770 1347 830 1386 τε
872 1321 1106 1404 ἀνῆγον
1133 1324 1203 1382 αἰ
1237 1319 1438 1396 πόλεις
1470 1345 1525 1386 e.
1557 1347 1619 1407 q.
1652 1347 1702 1386 s·
1735 1327 1814 1386 cf.
1844 1328 2157 1388 Homerici
2186 1329 2403 1408 hymni

197 1431 521 1511 perantiqui
577 1431 645 1489 in
698 1429 910 1510 Apoll.
958 1429 1102 1489 Del.
1148 1448 1210 1487 v.
1259 1437 1595 1492 146—-165.
1645 1438 1707 1488 et
1752 1428 1831 1488 de
1875 1430 2028 1510 ipsis
2072 1429 2402 1489 Messeniis

197 1531 574 1592 Doriensibus
620 1531 964 1591 Pausanias
1007 1530 1200 1590 tradit
1241 1531 1336 1592 IV
1378 1539 1440 1605 4,
1492 1543 1555 1593 1:
1613 1526 1709 1588 ἐπὶ
1768 1527 1831 1589 δὲ
1879 1529 2074 1590 Φίντα
2125 1530 2232 1589 τοῦ
2278 1534 2400 1590 Συ-

197 1625 318 1707 βότα
357 1632 597 1711 πρῶτον
644 1626 980 1708 Μεσσήνιοι
1025 1624 1154 1691 τότε
1199 1632 1284 1714 τῷ
1321 1621 1649 1690 Ἀπόλλωνι
1696 1627 1753 1702 ἐς
1789 1631 1991 1707 Δῆλον
2036 1633 2257 1690 θυσίαν
2302 1629 2403 1692 καὶ

196 1725 402 1808 ἀνδρῶν
438 1723 624 1812 χορὸν
667 1721 1165 1813 ἀποστέλλουσαι)
1257 1735 1405 1814 quin
1465 1735 1645 1793 immo
1693 1733 2101 1795 Callimachus
2146 1736 2210 1794 in
2255 1734 2399 1795 Del.

196 1843 279 1898 279
315 1857 449 1917 sqq.
497 1837 678 1897 dicit:

740 1971 924 2030 πᾶσαι
974 1968 1035 2030 δὲ
1079 1959 1290 2048 χοροὺς
1333 1959 1621 2050 ἆνοὲγουσι
1658 1966 1897 2047 πόληες,

419 2072 492 2131 αἴ
526 2095 588 2133 τε
631 2061 778 2149 πρὸς
821 2063 998 2150 ἠοίην
1042 2071 1120 2130 αἴ
1152 2065 1222 2131 θ’
1272 2069 1519 2152 ἕσπερον
1563 2073 1643 2132 αἴ
1672 2066 1723 2132 τ’
1770 2064 1887 2132 ἆνᾶ
1928 2071 2149 2150 μέσσην

321 2159 326 2171 ’
421 2167 678 2254 κλήρους
725 2169 1069 2252 ἐκτήσαντο,
1116 2171 1216 2233 καὶ
1262 2173 1324 2232 οἳ
1367 2169 1723 2252 καθύπερθε
1768 2173 2004 2252 βορείης

419 2275 580 2336 οἰκία
621 2267 798 2348 θινὸς
843 2275 1061 2353 ἔχουσι,
1106 2269 1656 2354 πολυχρονιώτατον
1701 2269 1866 2354 αἷμα.

197 2437 246 2486 at
281 2450 420 2491 vero
469 2432 772 2490 artissimo
817 2451 1124 2491 sacrorum
1155 2432 1513 2490 commercio
1547 2431 1907 2492 Athenae
1950 2431 2103 2491 inde
2134 2430 2210 2489 ab
2244 2433 2401 2490 anti-

198 2532 472 2607 quissimis
517 2533 894 2613 temporibus
928 2553 1060 2591 cum
1091 2533 1253 2592 Delo
1287 2534 1654 2593 coniunctae
1688 2529 2027 2609 fuerunt.²)
2084 2534 2403 2592 notissima

199 2634 335 2692 enim
365 2655 400 2694 e
432 2635 774 2694 Phaedone
805 2636 1084 2695 Platonis
1119 2654 1293 2694 sacra
1335 2635 1444 2693 illa
1489 2636 1668 2693 navis
1700 2633 1923 2693 Deliae
1969 2634 2244 2692 theoriae
2293 2633 2401 2692 de·

201 2731 498 2796 ducendae
542 2735 850 2811 adhibita,
902 2756 1082 2816 quam
1127 2733 1465 2795 narrabant
1512 2734 1775 2794 eandem
1821 2753 1987 2809 esse,
2038 2754 2197 2814 quae
2244 2736 2400 2795 anti·

199 2837 372 2913 quitus
403 2831 715 2898 Theseum
747 2858 878 2897 cum
909 2838 1116 2917 pueris
1147 2837 1500 2916 puellisque
1532 2838 1709 2896 lectis
1738 2838 1803 2896 in
1832 2835 2078 2896 Cretam
2105 2837 2401 2896 vexisset.

199 2936 260 2995 cf.
301 2937 534 2998 Gallim.
581 2941 648 2998 in
693 2941 837 3000 Del.
885 2948 988 3002 314
1031 2959 1154 3018 sq.,
1201 2939 1363 2999 Plut.
1411 2939 1601 2997 Thes.
1646 2947 1734 3000 21.
1784 2937 1968 2998 eund.
2017 2959 2096 2998 an
2144 2940 2279 2998 seni
2326 2941 2404 2998 sit

201 3057 302 3113 ger.
344 3060 508 3120 resp.
555 3049 607 3104 6.
623 3036 676 3118 ³)
761 3061 832 3100 ac
874 3039 1260 3099 referebatur
1305 3042 1491 3100 etiam
1536 3040 1617 3099 ad
1662 3041 1893 3100 Thesei
1936 3042 2103 3101 illam
2149 3040 2404 3120 expedi-

199 3139 399 3200 tionem
445 3161 752 3201 sacrorum
795 3143 1192 3202 Deliacorum
1235 3142 1431 3221 prima
1477 3143 1798 3202 institutio.
1824 3137 1875 3218 4)
1965 3142 2402 3201 Phanodemus

201 3239 250 3297 in
288 3243 542 3302 Atthide
591 3243 697 3320 (cf.
731 3243 960 3303 Athen.
995 3245 1094 3304 IX
1130 3264 1194 3322 p.
1227 3252 1331 3306 392
1358 3243 1415 3317 d,
1464 3243 1649 3302 Paus,
1695 3243 1728 3302 I
1777 3250 1858 3316 18,
1891 3255 1942 3305 5.
1989 3250 2076 3316 31,
2108 3241 2166 3319 2)
2214 3251 2401 3302 rettu-

309 3529 348 3593 1)
385 3531 470 3582 Cf.
509 3531 824 3582 Hoeckium
860 3531 1036 3582 Kreta
1071 3532 1128 3582 II
1163 3548 1215 3597 p.
1256 3533 1370 3591 129,
1407 3530 1732 3580 Muellerum
1768 3530 1899 3584 Dor.
1934 3531 1961 3580 1
1995 3548 2047 3597 p.
2084 3533 2201 3584 252.

310 3612 349 3677 ²)
385 3617 660 3666 Accurate
696 3617 840 3666 hunc
876 3616 1056 3667 locum
1092 3617 1460 3682 pertractavit
1494 3614 1779 3666 Hoeckius
1815 3615 1851 3666 l.
1892 3633 1939 3668 c.
1975 3616 2030 3666 ΙΙ
2065 3632 2116 3681 p.
2154 3617 2251 3666 123
2287 3629 2402 3679 sqq.

203 3705 414 3750 ceterum
452 3717 486 3750 a
521 3700 941 3751 Deliadibus
978 3716 1178 3751 nomen
1215 3699 1353 3749 fecit
1401 3701 1721 3750 comoediae
1762 3700 1931 3749 alicui
1969 3715 2104 3750 suae
2132 3699 2405 3762 Cratinus,

204 3797 312 3846 quas
361 3801 471 3836 non
525 3786 713 3836 dubito
770 3786 901 3850 quin
954 3785 1226 3852 Bergkius
1281 3789 1635 3835 commentat.
1692 3785 1757 3834 de
1805 3784 1925 3834 rell.
1966 3799 2103 3834 com.
2140 3783 2252 3832 Att.
2292 3787 2403 3832 ant.

203 3882 240 3929 p.
270 3871 328 3920 38
363 3887 476 3937 sqq.
517 3871 789 3936 virginum
838 3870 1011 3920 fuisse
1062 3870 1285 3920 chorum
1333 3869 1402 3918 ab
1440 3869 1867 3919 Atheniensibus
1906 3868 1976 3918 ad
2010 3867 2175 3918 Delia
2211 3868 2403 3917 missa-

202 3965 294 4002 rum
325 3960 476 4006 recte
513 3956 732 4005 dixerit.
805 3953 914 4006 alio
953 3953 1272 4020 significatu
1316 3953 1587 4004 Deliades
1634 3957 1898 4003 memorat
1934 3951 2311 4003 Callimachus
2345 3953 2405 4000 in

202 4034 301 4090 Del.
333 4041 446 4090 296.

311 4121 350 4188 ³)
391 4123 496 4176 Cll.
522 4123 867 4174 Boeckhium
897 4123 1279 4180 Staatshaush.
1309 4123 1358 4173 d.
1385 4123 1511 4174 Ath.
1537 4123 1564 4172 I
1590 4139 1641 4188 p.
1672 4122 1736 4171 81
1764 4137 1879 4192 sqq.
1920 4121 2003 4170 111
2027 4137 2079 4186 p.
2106 4123 2170 4171 76
2196 4137 2311 4186 sqq.

201 4276 205 4280 1
311 4207 356 4272 ⁴)
393 4208 478 4261 Cf.
518 4224 662 4274 quae
701 4209 940 4258 afferunt
963 4208 1248 4258 Hoeckius
1273 4209 1449 4257 Kreta
1474 4225 1526 4272 p.
1556 4209 1652 4258 132
1678 4222 1815 4272 sqq.,
1842 4206 2147 4258 Dorvillius
2172 4206 2404 4257 miscell.

202 4288 319 4340 obss.
357 4293 475 4342 crit.
514 4293 619 4343 V11
659 4297 686 4342 l
724 4309 776 4358 p.
819 4295 898 4350 12,
939 4292 1238 4342 Muellerus
1277 4293 1406 4340 Dor.
1447 4293 1473 4341 Ι
1510 4309 1565 4356 p.
1602 4293 1702 4340 244
1738 4307 1817 4356 sq.

1913 4374 2001 4436 4*
