2917 4992
1122 345 1535 408 ...21-

159 519 478 582 videmur
523 518 952 600 grammaticos
999 519 1078 580 de
1123 521 1382 598 singulis
1428 521 1631 600 poetis
1667 529 1834 580 recte
1866 522 2265 582 aestimandis
2296 544 2439 584 con-

164 631 511 684 certantes
568 632 754 703 atque
827 623 1218 682 altercantes.
1307 643 1378 683 ac
1431 623 1696 684 vidimus
1754 622 2135 703 quorundam
2190 626 2442 686 nomina

161 735 521 805 poetarum
564 726 877 804 signorum
918 724 1268 784 militarium
1298 726 1494 785 instar
1524 726 1713 798 elata,
1762 727 1922 784 circa
1954 744 2113 805 quae
2144 711 2437 806 gramma-

160 830 454 888 ticorum
511 827 790 886 cohortes
847 846 980 886 cum
1037 846 1268 885 summa
1325 827 1587 907 partium
1641 828 2042 888 contentione
2104 825 2436 909 congrega-

161 939 426 1002 rentur.
497 931 682 989 -inter
725 927 1054 1005 signiferos
1102 935 1307 988 autem
1351 928 1660 989 eminebat
1711 931 2071 990 auctoritate
2121 929 2438 1010 Cyrenen-

163 1033 253 1090 sis
272 1077 291 1104 ,
371 1031 482 1110 qui
527 1038 651 1090 tam
696 1030 1132 1109 superciliosus
1181 1037 1312 1088 erat
1357 1031 1627 1104 criticae,
1684 1038 1750 1089 ut
1796 1029 2109 1091 custodem
2156 1051 2294 1092 eum
2335 1033 2439 1091 vel

164 1133 615 1214 apparitorem
659 1129 967 1210 publicum
1008 1130 1298 1210 Hedylus
1345 1131 1589 1192 dixerit.
1678 1153 1819 1192 nam
1866 1130 1940 1191 O.
1991 1131 2439 1194 Schneiderum

163 1235 479 1314 prolegg.
511 1234 576 1292 in
609 1241 728 1293 aet.
762 1253 824 1310 p.
855 1239 890 1293 3
931 1240 1101 1292 recte
1147 1241 1491 1292 assecutum
1519 1241 1667 1311 puto
1698 1233 1891 1293 verba
1920 1241 2109 1313 etym.
2141 1254 2219 1292 m.
2252 1255 2314 1313 p.
2346 1243 2433 1307 72,

161 1344 266 1395 12:
351 1324 694 1410 ἀλυτάρχης
747 1377 762 1392 .
812 1379 824 1389 .
874 1375 888 1391 .
940 1323 1197 1404 Ἡδύλος
1264 1329 1328 1393 δὲ
1383 1329 1465 1403 εἰς
1529 1322 1602 1392 τὰ
1671 1325 2084 1412 ἐπιγράμματα
2143 1331 2258 1408 (ita
2318 1336 2432 1409 Vb,

164 1439 394 1497 ceteri
427 1433 628 1496 codd.
661 1432 769 1504 -εἰς
826 1422 938 1508 τὴν
1003 1428 1379 1514 ἐπιγραφήν)
1437 1428 1823 1512 Καλλιμάχου
1880 1426 1979 1494 διὰ
2037 1428 2146 1495 δύο
2204 1427 2437 1514 λάμβδα

165 1527 471 1614 ὀνομάζει
514 1525 914 1606 τούς-ἆλῦτας
957 1527 1226 1607 ἆλλύτας.
1263 1571 1344 1578 —
1375 1557 1447 1596 ac
1490 1557 1739 1616 possem
1785 1537 2111 1617 disputatis
2157 1559 2266 1619 pro
2298 1540 2435 1598 fun-

166 1639 490 1700 damento
545 1645 728 1697 utens
783 1639 954 1697 vario
1012 1639 1190 1698 modo
1245 1639 1408 1699 hanc
1464 1659 1739 1698 caussam
1796 1659 2095 1699 exornare
2163 1641 2434 1719 illaeque

165 1749 410 1820 partes
457 1758 760 1819 quaenam
806 1739 1003 1798 fuisse
1059 1739 1424 1800 viderentur
1467 1741 1661 1800 fusius
1709 1741 2037 1820 explicare.
2127 1741 2239 1800 sed
2286 1761 2431 1820 quo-

165 1844 362 1902 niam
416 1841 536 1900 alio
593 1839 790 1920 adigit
841 1840 1152 1900 scribendi
1209 1842 1559 1915 consilium,
1618 1850 1892 1902 extrema
1946 1843 2325 1902 lineamenta
2368 1844 2433 1900 in

165 1944 515 2023 praesenti
561 1945 710 2004 satis
755 1941 956 2001 habeo
1004 1941 1422 2002 adumbrasse.

367 2031 638 2118 Tenuia,
700 2043 867 2125 quod
925 2043 1004 2103 ad
1065 2044 1270 2102 thesin
1317 2052 1617 2119 nostram,
1676 2047 1922 2123 singula
1978 2046 2097 2106 ista
2152 2046 2432 2123 vestigia,

171 2147 298 2206 scd
369 2147 506 2225 ipso
566 2165 872 2204 consensu
937 2147 1200 2222 insigni,
1272 2165 1391 2225 quo
1455 2147 1745 2226 religiose
1814 2155 2295 2226 persequentem
2351 2145 2433 2204 ad

175 2247 468 2309 eundem
513 2248 716 2306 omnia
760 2248 942 2306 finem
989 2245 1245 2319 ducant,
1309 2255 1477 2307 certa
1531 2249 1895 2327 graviaque,
1954 2256 2023 2305 ut
2067 2247 2171 2325 qui
2221 2267 2435 2325 parum

171 2353 296 2410 illa
361 2348 528 2428 apud
587 2367 656 2406 se
712 2349 922 2406 valere
979 2350 1275 2426 patiatur,
1332 2349 1384 2408 is
1440 2349 1727 2408 inludere
1771 2349 1919 2409 mihi
1963 2347 2247 2408 videatur
2301 2349 2434 2406 veri

171 2448 600 2512 similitudini.

363 2551 500 2609 Nec
557 2571 702 2610 vero
758 2553 924 2610 inest
989 2552 1056 2609 in
1127 2551 1263 2630 ipsa
1319 2571 1564 2626 caussa,
1637 2572 1819 2632 quam
1872 2553 2143 2611 locorum
2198 2553 2435 2631 aliquot

171 2652 476 2713 subtilius
543 2653 987 2731 explicatorum
1054 2654 1385 2712 coniuncta
1438 2654 1501 2712 vi
1570 2651 1835 2733 probare
1896 2650 2264 2724 studuimus,
2328 2671 2435 2711 cur

173 2756 328 2835 quis
396 2773 620 2831 magno
688 2754 1003 2812 molimine
1069 2755 1404 2814 reluctetur
1475 2773 1546 2811 ac
1604 2754 2061 2832 tergiversetur.
2150 2753 2433 2811 nimirum

175 2855 603 2916 Callimachus
660 2856 847 2914 talem
899 2873 1040 2914 sese
1099 2863 1347 2935 poetam
1403 2856 1753 2934 profitetur,
1822 2855 1926 2934 qui
1988 2873 2121 2914 cum
2180 2855 2431 2914 omnino

177 2957 502 3037 exquisita
561 2957 894 3015 carminum
951 2966 1111 3031 arte,
1179 2967 1308 3017 tum
1376 2977 1525 3016 vero
1582 2958 1647 3016 in
1712 2957 2198 3031 narratione,
2268 2955 2430 3037 quod

175 3059 454 3118 maxime
509 3078 676 3118 nunc
731 3056 812 3128 ad
881 3079 996 3118 nos
1063 3059 1365 3138 pertinet,
1438 3078 1685 3118 rerum
1755 3059 2106 3118 novitate
2174 3060 2431 3117 lectores

176 3161 346 3220 velit
391 3161 660 3219 excitare
708 3181 780 3218 ac
826 3159 1158 3218 delectare.
1249 3179 1669 3240 quaecumque
1712 3161 1899 3238 igitur
1941 3168 2289 3238 poematum
2337 3179 2429 3216 ar-

177 3269 484 3340 gumenta
518 3264 731 3334 publici
769 3265 908 3318 iuris
951 3269 1122 3335 sunt,
1180 3269 1248 3319 ut
1289 3261 1583 3320 Horatius
1632 3261 1672 3319 l.
1720 3281 1769 3320 c.
1816 3261 2113 3340 loquitur,
2182 3279 2256 3318 ea
2302 3258 2433 3318 odit

181 3373 246 3422 et
297 3370 483 3421 arcet.
547 3382 670 3441 qua
712 3364 778 3420 in
823 3382 890 3422 re
937 3382 1053 3422 nec
1109 3363 1250 3421 sciri
1307 3371 1514 3442 potest
1558 3382 1673 3420 nec
1715 3381 1865 3421 vero
1921 3360 2173 3420 multum
2218 3361 2429 3434 refert,

179 3473 386 3524 utrum
431 3462 671 3522 fabulas
717 3462 793 3523 ab
837 3464 1109 3522 Homero
1175 3472 1466 3524 tractatas
1521 3463 1702 3522 huius
1762 3462 2003 3523 demum
2059 3483 2251 3543 opera
2293 3483 2430 3543 per-

183 3565 471 3642 vulgatae
521 3584 658 3624 esse
705 3566 1014 3638 statuerit,
1061 3573 1128 3624 ut
1173 3565 1310 3644 ipse
1357 3563 1607 3645 quidem
1650 3564 1755 3624 ille
1800 3586 1839 3624 a
1882 3566 2132 3625 crimine
2178 3559 2433 3638 δημόσια

182 3667 488 3726 cecinisse
533 3664 690 3725 liber
734 3666 945 3739 fuerit,
1005 3685 1086 3724 an
1139 3668 1454 3726 materiem
1515 3666 1633 3725 iam
1691 3668 2054 3746 popularem
2097 3667 2431 3726 Homerum

181 3770 538 3847 suscepisse
593 3767 877 3826 maluerit
933 3767 1203 3827 credere.
1293 3787 1478 3827 nosse
1536 3767 1826 3840 sufficiat,
1878 3766 2237 3827 Callimachi
2292 3787 2428 3826 sen-

183 3889 320 3930 sum
375 3868 451 3928 ab
498 3869 845 3928 Homericis
904 3868 1270 3928 carminibus
1328 3868 1748 3940 abhorruisse,
1804 3876 1872 3926 ut
1918 3887 2077 3946 quae
2134 3867 2429 3927 destituta

189 4111 246 4170 δ’
285 4109 356 4172 ἄν
391 4136 476 4178 τις
507 4111 830 4186 Ἀρχιλόχου
864 4113 972 4187 μὲν
1007 4112 1112 4185 τὴν
1149 4111 1452 4181 ὑπόθεσιν,
1500 4114 1875 4182 Παρμενίδου
1912 4109 1978 4169 δὲ
2015 4110 2121 4182 τὴν
2144 4131 2430 4185 στιχοποι-

187 4204 286 4254 ίαν
321 4222 367 4255 6.
407 4222 464 4270 q.
500 4221 546 4256 s.
620 4204 826 4255 similia
873 4206 1042 4256 ctiam
1087 4205 1336 4255 Iulianus
1382 4204 1651 4268 misopog.
1701 4201 1823 4251 init.
1874 4205 1930 4252 et
1974 4201 2263 4270 Meleager
2308 4206 2429 4254 sive

187 4306 484 4356 anonymus
526 4288 678 4341 anth.
716 4291 776 4340 P.
818 4289 924 4339 VII
961 4289 1079 4354 352,
1117 4289 1148 4339 5
1186 4303 1264 4352 sq.
