2917 4992
1063 312 1485 376 -15.„-

191 476 460 562 καμασήν,
503 486 660 546 sicut
707 495 770 544 et
800 486 1102 546 Arcadius
1152 507 1334 566 quem
1379 487 1591 546 dicunt
1634 509 1695 567 p.
1727 496 1781 550 7.
1816 487 2015 547 Schm.
2048 494 2389 569 composuit

191 578 338 662 ἕσσήν
379 578 670 664 καμασήν.
759 589 874 648 sed
920 590 1085 648 levia
1127 591 1248 648 ista
1293 609 1410 648 nec
1464 590 1781 648 mentione
1828 589 2021 666 digna
2073 592 2383 665 haberem,

191 692 240 748 ni
277 690 640 750 accederent
685 692 964 750 certiora.
1027 711 1160 750 cum
1192 693 1356 750 enim
1400 691 1855 768 laevigatae
1886 711 1957 750 ac
1991 692 2385 752 delicatae

190 793 449 850 orationis
495 792 756 850 artifices
791 812 824 850 e
866 812 1039 851 sacro
1085 793 1258 852 fonte
1307 793 1589 869 exiguam
1635 812 1854 871 aquam
1898 792 2127 852 bibisse
2174 795 2384 852 dicun-

189 901 287 964 tur,
327 913 484 950 unus
529 894 798 952 omnium
841 895 1101 958 maxime
1147 894 1382 953 ridetur
1427 893 1857 953 Callimachum

325 995 614 1053 Testatur
651 996 814 1054 enim
843 996 1112 1056 incertus
1144 1004 1332 1074 poeta
1362 995 1535 1054 anth.
1568 996 1639 1053 P.
1672 996 1799 1054 VII
1826 1003 1911 1068 42,
1949 995 2385 1056 Callimachum

189 1095 237 1150 in
275 1096 530 1154 aetion
575 1098 974 1175 prooemio
1005 1117 1074 1156 se
1104 1098 1326 1156 fecisse
1357 1117 1494 1176 per
1536 1117 1871 1156 somnum
1902 1117 1936 1154 e
1966 1096 2189 1174 Libya,
2234 1098 2295 1156 h.
2330 1119 2382 1155 e.

189 1215 213 1250 e
239 1195 476 1274 Cyrena
505 1199 708 1274 patria
729 1193 778 1273 ¹)
811 1199 878 1256 in
909 1199 1277 1258 Heliconem
1307 1198 1612 1256 sublatum
1645 1206 1707 1255 et
1736 1218 1773 1254 a
1802 1199 1991 1256 Musis
2024 1197 2103 1256 de
2133 1198 2384 1257 heroum

189 1296 558 1377 divorumque
603 1299 784 1358 rebus
849 1299 1146 1358 edoctum.
1172 1295 1230 1376 2)
1319 1299 1487 1358 unde
1533 1300 1825 1358 somnia
1870 1300 2154 1358 dicuntur
2200 1299 2383 1358 Calli-

187 1400 353 1456 machi
396 1402 564 1458 aetia
607 1420 646 1457 a
683 1401 1006 1479 Propertio
1051 1402 1157 1460 III
1200 1410 1270 1462 33
1289 1399 1346 1472 b,
1394 1408 1482 1462 32.
1502 1396 1557 1480 ³)
1649 1400 1815 1478 quod
1862 1402 2173 1460 artificium
2217 1410 2382 1478 post-

187 1501 334 1558 modo
381 1521 514 1559 cum
560 1503 664 1560 alii
709 1501 1001 1560 videntur
1056 1511 1282 1580 poetae
1338 1522 1450 1580 pro
1512 1501 1767 1561 exordio
1814 1501 2195 1576 adhibuisse,
2258 1513 2385 1561 tum

185 1603 412 1659 maxime
460 1603 700 1660 Ennius
725 1599 776 1676 ¹¹)
832 1603 897 1662 in
957 1603 1280 1662 annalibus
1331 1602 1435 1680 (cf.
1482 1603 1751 1662 Vahleni
1798 1612 2059 1681 quaestt.
2104 1606 2271 1662 Enn.
2320 1625 2381 1682 p.

295 1785 330 1847 ¹)
366 1786 476 1836 Sed
511 1786 664 1836 nullo
701 1791 866 1850 pacto
902 1788 1032 1838 hinc
1073 1788 1477 1838 consectarium
1515 1794 1629 1848 est,
1670 1790 1731 1836 ut
1766 1786 1831 1835 O.
1861 1785 2231 1836 Schneiderus
2266 1786 2384 1834 vult

183 1869 395 1935 prolegg.
447 1871 502 1919 in
539 1877 664 1928 aet.
701 1888 753 1936 p.
795 1874 839 1934 1,
883 1875 1198 1937 conscripta
1246 1871 1366 1934 vel,
1424 1876 1486 1920 ut
1521 1869 1803 1919 Merkelus
1848 1867 2091 1937 prolegg.
2128 1870 2381 1936 Apollon.

185 1969 220 2014 p.
243 1955 377 2017 XXI,
411 1954 680 2004 incohata
718 1956 870 2004 aetia
909 1972 1027 2006 esse
1055 1957 1302 2020 Cyrenis,
1340 1956 1391 2004 h.
1434 1971 1483 2004 6.
1523 1955 1592 2003 ab
1632 1955 1990 2004 adulescente
2019 1955 2383 2016 Callimacho,

185 2052 283 2085 nam
306 2041 482 2102 potuit
503 2041 754 2104 profecto
779 2041 1079 2106 praeterito
1108 2041 1337 2089 cuilibet
1360 2040 1595 2104 tempori
1620 2039 1757 2089 illud
1784 2041 2071 2103 assignare
2098 2043 2381 2090 somnium.

186 2127 320 2184 atque
345 2125 564 2173 omnino
588 2125 830 2173 inserere
861 2129 1072 2175 tantum
1097 2125 1336 2190 patriam
1361 2124 1537 2174 voluit
1562 2124 1769 2188 gloriae
1791 2140 1945 2174 suae.
1976 2127 2383 2190 comparaveris

185 2207 299 2268 quod
331 2207 544 2258 Statius
581 2209 720 2258 dicit
755 2209 878 2260 silv.
915 2211 942 2258 I
979 2213 1028 2272 2,
1055 2212 1179 2259 253:
1228 2209 1513 2274 Vmbroquc
1538 2209 1845 2272 Propertius
1881 2217 2047 2260 antro,
2111 2225 2213 2258 nec
2251 2225 2381 2258 vero

183 2290 542 2355 dubitaverim,
583 2295 716 2358 quin
748 2294 1123 2344 Callimachus
1161 2302 1368 2343 certum
1407 2293 1645 2358 aliquem
1683 2294 1929 2358 satisque
1968 2293 2241 2342 celebrem
2279 2292 2383 2356 Cy-

183 2389 320 2425 renae
355 2393 572 2427 sacrum
609 2378 788 2427 locum
824 2379 1170 2429 indicaverit.

289 2459 328 2523 ²)
363 2461 727 2512 Alexandrini
775 2465 921 2512 enim
963 2467 1162 2528 poetae
1213 2479 1335 2511 cum
1372 2479 1484 2512 non
1521 2463 1755 2528 amplius
1795 2464 2039 2511 contenti
2080 2468 2265 2512 essent
2300 2464 2381 2511 in-

181 2547 443 2595 vocatione
479 2549 786 2610 Musarum,
827 2547 1020 2612 quibus
1058 2549 1473 2613 inspirarentur,
1513 2552 1838 2612 argumenta
1874 2563 1975 2596 sua
2013 2548 2081 2595 ad
2119 2549 2381 2611 quasdam

181 2627 516 2694 theophanias
554 2633 762 2681 referre
800 2632 1044 2697 impense
1084 2633 1362 2681 amabant.
1418 2648 1522 2697 quo
1550 2649 1578 2680 e
1605 2648 1805 2694 genere
1834 2631 2218 2679 Eratosthenis
2241 2631 2383 2680 Mer-

183 2714 338 2763 curius
363 2720 487 2766 erat
513 2720 569 2764 et
592 2714 891 2765 Alexandri
915 2717 1097 2766 Aetoli
1112 2716 1326 2782 Apollo.
1367 2719 1422 2764 ct
1448 2697 1643 2764 crebra
1668 2714 1806 2763 talia
1832 2715 1977 2779 apud.
1998 2713 2271 2764 Ovidium.
2308 2717 2381 2765 cf.

182 2811 320 2848 amor.
346 2801 434 2848 III
461 2802 506 2862 1,
535 2816 669 2850 rem.
695 2803 794 2850 555
819 2817 956 2866 sqq„
985 2803 1084 2851 705
1107 2818 1244 2866 sqq„
1285 2801 1414 2850 fast.
1441 2801 1469 2848 Ι
1491 2802 1557 2849 93
1576 2815 1711 2864 sqq„
1740 2800 1837 2848 657
1860 2813 1995 2862 sqq„
2021 2798 2101 2848 ΙΙΙ
2130 2801 2225 2850 167
2245 2814 2382 2863 sqq.,

183 2881 241 2929 lV
258 2886 346 2933 193
362 2899 502 2948 sqq„
523 2885 600 2934 VI
620 2888 651 2934 9
671 2901 788 2950 sqq.
830 2901 895 2936 ex
914 2887 975 2934 P.
998 2887 1080 2935 111
1105 2891 1153 2945 3,
1177 2887 1253 2936 IV
1269 2888 1320 2936 4.
1343 2885 1533 2934 eodem
1558 2884 1803 2950 pertinet
1821 2883 2077 2934 Philotae
2100 2884 2164 2933 (16
2184 2884 2381 2934 Amore

181 2969 398 3018 narratio
436 2984 578 3033 quae
617 2975 702 3020 est
739 2969 883 3035 apud
919 2971 1169 3036 Longum
1203 2975 1344 3034 past.
1385 2970 1440 3019 II
1472 2971 1626 3020 4-7.
1676 2969 1746 3018 cf.
1788 2969 1940 3018 anth.
1977 2969 2136 3018 Plan.
2176 2971 2291 3019 210.
2320 2997 2383 3004 —

184 3056 395 3102 ceterum
433 3069 570 3103 cave
608 3055 859 3120 accipias
897 3056 1077 3104 omnia
1115 3071 1255 3120 quae
1293 3055 1505 3119 profert
1547 3053 1614 3103 de
1662 3055 1848 3103 aetion
1892 3055 2170 3118 prooemio
2204 3055 2385 3118 dispu-

181 3141 281 3185 tans
313 3136 606 3187 Heckerus
643 3145 929 3189 comment.
969 3139 1034 3189 de
1075 3141 1224 3190 anth.
1263 3140 1393 3189 1843
1417 3155 1471 3203 p.
1512 3139 1608 3186 179
1646 3117 1762 3202 sqq.

287 3221 328 3286 ³)
361 3225 438 3274 Vt
471 3226 666 3273 somnia
713 3224 1005 3273 Callimachi
1051 3224 1313 3289 expediat
1360 3221 1595 3271 mirifica
1643 3223 1863 3272 molitur
1900 3224 1994 3271 Fr.
2032 3222 2277 3272 Iakobus
2324 3223 2382 3270 in

185 3302 345 3356 libello
381 3299 719 3358 scholastico
757 3309 822 3358 dc
860 3309 1150 3373 Propertio
1187 3309 1393 3372 scripto
1429 3307 1603 3357 Lueb.
1645 3308 1773 3356 1847
1812 3324 1861 3371 p.
1900 3308 1965 3356 25
2000 3321 2080 3371 sq.
2118 3307 2215 3356 Ich
2241 3309 2382 3370 finde

183 3394 364 3440 nemlich
404 3395 458 3441 in
504 3394 616 3442 dem
650 3410 834 3442 memor
869 3394 1122 3456 Philetas,
1175 3397 1286 3442 dem
1329 3392 1609 3448 wachen,
1656 3399 2006 3449 munteren,
2048 3392 2381 3456 praktischen

183 3477 299 3523 einen
325 3477 604 3540 Geqensatz
628 3495 690 3526 zu
711 3479 916 3527 somniis
943 3478 1231 3527 Callimachi
1253 3480 1316 3526 im
1341 3479 1680 3533 Pentameter,
1708 3478 1803 3525 der
1822 3493 1952 3540 yon:
1978 3479 2072 3526 wic
2096 3493 2203 3526 vom
2229 3477 2381 3526 Dich-

184 3564 244 3605 ter
271 3561 419 3610 selbst
455 3561 750 3612 absichtlich
781 3563 1008 3628 gemacht
1043 3564 1278 3612 (cussicht.
1454 3553 1464 3561 ”

289 3643 328 3706 ⁴)
365 3645 557 3695 Habes
601 3645 770 3710 igitur
814 3647 1272 3710 Alexandrinum,
1323 3663 1481 3712 quem
1528 3647 1832 3711 quaerebat
1876 3647 2141 3696 Lehrsius
2194 3646 2396 3711 popul,

183 3725 334 3778 Aufss.
373 3747 423 3794 p.
464 3731 562 3780 108
587 3746 642 3782 n.
691 3731 860 3780 chn
893 3733 1049 3782 sehon
1088 3733 1284 3782 Ennius
1318 3734 1493 3782 scinen
1525 3733 1710 3781 Traum
1746 3733 1846 3793 auf
1872 3735 1970 3782 den
2005 3733 2235 3780 Pcernass
2269 3747 2379 3779 vcr-

183 3812 309 3874 leyte,
351 3831 454 3863 was
491 3816 624 3864 doeh
657 3816 795 3865 mehr
825 3817 917 3878 f'z'lr
951 3820 1028 3866 als
1059 3833 1220 3881 ycyen
1253 3818 1361 3866 sich
1395 3834 1456 3866 zu
1491 3817 1654 3866 haben
1687 3817 1905 3873 schcint,
1950 3832 2007 3866 so
2042 3816 2233 3864 mo'chtc
2267 3832 2379 3863 man

182 3911 240 3942 um
269 3913 322 3946 so
355 3900 492 3947 mehr
523 3901 722 3955 wisscn,
760 3901 821 3949 ob
857 3917 916 3949 er
951 3904 1002 3950 in
1036 3904 1177 3950 einer
1212 3902 1557 3966 qriechischcn
1580 3901 1750 3958 Stclle,
1789 3908 1946 3950 ctwa
1978 3901 2169 3948 sehon
2204 3902 2381 3947 eines

185 3980 707 4040 Alexandrincrs',
744 3985 1134 4036 hinrcichcnden
1167 3989 1222 4035 V
1216 4003 1411 4053 oryany
1430 3988 1577 4048 fond.
1624 3989 1683 4034 at
1705 3985 1984 4034 Parnasso
2008 3982 2208 4032 Helico
2232 3983 2381 4032 haud

183 4062 318 4115 ‹lubie
366 4071 483 4116 erat
520 4068 953 4120 substituendus.
1015 4072 1236 4122 Luci-et.
1276 4072 1304 4120 I
1341 4073 1435 4120 117
1475 4085 1591 4133 sqq.
1641 4070 1839 4117 Ennius
1884 4075 1937 4115 ut
1972 4075 2146 4116 noster
2181 4071 2378 4126 cecinit,

182 4151 251 4210 qui
276 4154 460 4216 primus
496 4169 707 4202 amoeno
737 4149 748 4220 Ι
779 4157 957 4204 detulit
991 4172 1061 4204 ex
1095 4157 1225 4205 Ilel
1236 4159 1416 4207 icone
1449 4156 1669 4218 perenm·
1685 4153 1876 4215 fronde
1902 4169 2157 4203 coronam.
2210 4153 2379 4204 idem-

181 4247 264 4295 que
297 4235 634 4288 demonstrat
667 4239 828 4303 Prop.
867 4241 941 4289 IV
976 4243 1023 4298 3,
1063 4242 1112 4289 6.
