2917 4992
1403 309 1873 374 -158—

659 481 775 537 Καὶ
813 476 886 552 δὴ
925 477 1093 543 δόλος
1131 472 1312 550 ὄνομα
1348 481 1495 550 τῳδε
1530 499 1607 548 τῳ
1647 476 1790 548 ἔργῳ
1824 481 2045 533 κείσθω
2090 477 2191 532 καὶ
2225 479 2512 547 καλοίμην
2548 466 2775 543 δόλιος,

527 568 646 636 εἴγε
683 563 873 631 δόλος,
911 568 1079 622 τοῦτο
1117 565 1433 635 βούλεσθαι
1470 561 1758 665 κατέχειν,
1796 553 1869 616 οὖ
1905 581 1989 624 τις
2028 556 2147 632 ἐρᾷ.
2221 557 2353 615 ἰδοὺ
2392 557 2487 624 δέ,
2527 558 2627 614 καὶ
2653 559 2777 612 πά-

525 654 617 704 λιν
663 649 867 719 γράφω
913 651 1012 706 καὶ
1063 647 1251 704 ἱκέσια
1290 645 1518 719 ῥήματα
1553 647 1774 716 πέμπω.
1848 665 2037 714 ετερος
2076 644 2245 707 δόλος
2281 635 2452 704 οὗτος
2486 644 2585 699 καὶ.
2621 641 2778 696 πάν-

420 745 488 793 35
522 755 655 803 τως,
707 752 846 803 οπερ
892 755 969 789 αν
1015 735 1437 802 δυσχεραίνοις,
1490 731 1652 802 ἔχεις.
1726 729 1779 784 εἰ
1824 725 1935 800 γάρ
1981 731 2139 784 λυποῖ
2173 747 2260 782 οτι
2296 747 2405 797 περ
2453 724 2587 797 ἐρῶ,
2637 725 2778 798 ὁμο-

525 821 701 888 λογω,
737 839 814 881 ως
848 813 1154 880 άπαύστως
1189 813 1426 886 ζητησω.
1444 819 1486 886 1)
1559 815 1614 872 εἰ
1650 813 1713 870 δὲ
1750 817 1849 870 καὶ
1886 808 2033 884 αὐτή
2069 833 2141 883 με
2178 813 2466 883 φυλάττῃ,
2502 806 2632 867 άλλ’
2662 806 2775 866 αὖ·

523 901 619 967 τὸς
655 899 811 974 μάλα
847 899 1083 972 ζητήσω.
1155 894 1316 955 ἄλλοι
1365 899 1473 972 μέν
1508 919 1571 970 γε
1610 897 1708 955 διὰ
1748 900 1931 968 ξιφῶν
1965 897 2068 960 τας
2104 891 2531 967 εὐδοκουμένοις
2566 891 2778 958 αὐτοῖς

522 982 793 1059 ἥρπασαν
827 983 1036 1056 κόρας·
1075 983 1202 1054 ἐμοὶ
1240 979 1302 1040 δ’
1341 985 1496 1042 ἔσται
1532 983 1914 1054 πλημμέλημα
1949 979 2019 1036 τά
2057 980 2253 1050 λάθρα
2290 981 2632 1052 γραφόμενα
2670 977 2775 1050 ῤ’ή-

523 1093 706 1144 ματα;
746 1069 804 1127 οἰ
837 1071 972 1126 θεοὶ
1005 1070 1338 1140 ποιήσαιεν,
1384 1091 1460 1133 ως
1496 1090 1571 1126 αν
1605 1070 1838 1130 πλείους
1875 1086 1962 1122 σοι
1999 1068 2293 1134 δυναίμην
2330 1063 2573 1135 δεσμους
2607 1084 2778 1135 περι-

421 1167 488 1215 40
525 1162 757 1225 θεῖναι,
794 1177 870 1218 ως
906 1176 983 1210 αν
1016 1151 1052 1226 ή
1093 1153 1161 1225 σὴ
1199 1158 1388 1216 πίστις
1423 1150 1775 1224 μηδαμόθεν
1810 1148 2117 1220 ἐλευθερος
2152 1141 2205 1222 ᾗ.
2276 1150 2469 1237 μύριοι
2509 1169 2617 1220 μεν
2652 1147 2776 1219 γάρ

523 1227 975 1310 υπολελείφαται
1012 1237 1228 1308 τρόποι.
1301 1233 1468 1308 ἡμεῖς
1506 1233 1560 1292 δ’
1601 1235 1733 1299 εἰς
1722 1233 1785 1291 εἶν
1821 1231 2137 1305 ἐνιδρῶμεν
2170 1254 2418 1298 αναντες
2454 1232 2556 1292 ἔτι.
2618 1228 2774 1288 άλλοὶ

523 1321 739 1396 τουμόν
772 1327 888 1391 πῦρ
924 1318 1061 1378 οὐδ’
1097 1319 1294 1380 ὁτιουν
1337 1317 1656 1389 άπείρατον
1700 1327 1895 1391 μεῖναι
1944 1315 2119 1377 ἐάσει.
2192 1317 2308 1373 ἔστι
2347 1316 2412 1374 δε
2447 1319 2546 1375 καὶ
2581 1314 2771 1388 άμφί-

525 1413 698 1481 βολον
734 1408 790 1464 εί
822 1411 1146 1478 δυνηθείης
1180 1405 1428 1462 άλωναι·
1490 1400 1619 1460 ἄλλ’
1655 1400 1846 1474 άλωσῃ
1880 1406 1957 1474 τῷ
1993 1397 2133 1460 ὄντι.
2208 1401 2324 1458 ἔστι
2362 1401 2429 1459 δὲ
2462 1405 2563 1459 καὶ
2596 1400 2637 1473 ή
2681 1401 2770 1458 ἔκ·

423 1503 490 1551 45
527 1498 690 1566 βασις
736 1490 893 1592 παρά
931 1498 1053 1554 τοῖς
1088 1488 1410 1554 θεοῖς·σύ
1447 1489 1641 1560 μέντοι
1678 1484 1739 1558 γ’
1774 1485 1983 1559 αλωσῃ.
2057 1487 2113 1544 εἰ
2148 1485 2213 1542 δὲ
2248 1489 2347 1544 καὶ
2383 1487 2554 1559 μέρος
2590 1483 2769 1557 ἐκφύ-

525 1600 673 1650 γοις,
723 1571 852 1632 ἀλλ’
888 1569 957 1632 οὖ
990 1571 1185 1631 πάνθ’
1219 1571 1515 1646 υπερβήση
1561 1595 1631 1628 τα
1682 1577 1917 1642 δίκτυα,
1964 1593 2114 1643 απερ
2161 1575 2339 1628 πλείω
2374 1595 2411 1642 η
2448 1573 2703 1643 νομίζεις
2740 1567 2770 1624 ὁ

512 1659 692 1734 Ἔρως
729 1659 1024 1729 ἐξέτεινεν.
1075 1659 1131 1715 εί
1165 1657 1230 1715 δὲ
1265 1657 1450 1730 μηδεν
1487 1653 1631 1730 μηδ’
1658 1680 1720 1714 αι
1704 1657 1944 1728 ’τέχναι
1968 1653 2407 1728 λυσιτελήσουσι,
2446 1652 2589 1725 πρὸς
2616 1653 2771 1711 ὅπλα

529 1769 592 1820 γε
628 1744 745 1819 μὴν
782 1743 1136 1813 ἐλευσόμεθα
1181 1745 1281 1800 καὶ
1326 1741 1650 1815 αρπαγεῖσα
1699 1740 1795 1799 ἐπὶ
1839 1747 1943 1799 τοῦ
1989 1738 2230 1812 ἐρωντός
2264 1761 2376 1813 μου
2412 1739 2629 1796 κόλπου
2658 1737 2772 1796 άπ-

527 1831 834 1904 ενεχθήσῃ.
907 1825 978 1886 οὗ
1023 1825 1133 1899 γάρ
1182 1827 1299 1899 εἰμι
1337 1832 1473 1896 νῦν,
1522 1821 1584 1892 ὃς
1623 1826 1859 1884 εἰώθειν
1902 1827 2007 1898 τῆς
2038 1823 2299 1896 Πάριδος
2344 1821 2771 1882 καθάπτεσθαι

423 1926 490 1974 50
523 1915 812 1987 πράξεως,
862 1909 1002 1971 οὐδὲ
1037 1914 1099 1985 γέ
1135 1934 1289 1978 τινος
1325 1909 1527 1982 ἄλλου,
1592 1907 1655 1977 ὃς
1690 1915 1950 1977 τοιοῦτος
1985 1911 2249 1982 γέγονεν,
2296 1905 2371 1974 ὥς
2406 1905 2554 1981 άνὴρ
2592 1914 2774 1979 δυνη-

492 2005 712 2072 .θῆναι
749 1998 1044 2069 γενέσθαι.
1115 2001 1215 2056 καὶ
1251 1995 1421 2070 ἡμεῖς
1459 1994 1520 2053 δ’
1561 2031 1621 2039 -
1660 1993 1804 2054 άλλά
1842 1999 2048 2054 σιωπῶ.
2118 1994 2175 2050 εί
2216 1994 2315 2050 καὶ
2362 1991 2623 2057 θάνατος
2674 1996 2772 2064 εἴη

525 2106 622 2155 μοι
669 2081 882 2153 ταύτης
927 2086 1171 2153 τιμωρία
1217 2086 1318 2154 τῆς
1362 2079 1655 2152 ἁρπαγῆς,
1709 2080 1823 2136 ἔστι
1838 2084 1881 2150 ²)
1928 2083 2124 2152 μέντοι
2163 2076 2410 2136 ἐλάττων
2444 2082 2548 2136 τοῦ
2584 2097 2650 2135 σε
2688 2077 2770 2150 μή

528 2167 846 2240 ἐσχηκέναι.
895 2162 1026 2222 άλλ’
1051 2169 1214 2237 εἴπερ
1251 2163 1482 2238 εὐειδής
1516 2159 1688 2237 ἧττον
1722 2157 1899 2235 ἦσθα,
1940 2160 2313 2236 μετριώτερον
2346 2157 2423 2219 άν
2449 2161 2771 2235 ἐζητήθης·

424 2263 490 2311 55
525 2257 826 2324 τολμητίαι
863 2248 972 2322 γάρ
1009 2247 1460 2323 άναγκαζόμεθα
1496 2254 1575 2321 τῷ
1610 2253 1687 2320 σῷ
1722 2253 1992 2320 γίνεσθαι
2027 2245 2241 2304 κάλλει.
2292 2248 2359 2304 σὺ
2385 2251 2553 2304 τοῦτο
2576 2255 2774 2311 ποιεῖς

527 2339 628 2392 καὶ
672 2335 732 2392 οἷ
775 2331 1084 2407 ὀφθαλμοί
1124 2355 1192 2411 γε,
1233 2334 1293 2390 οἱ
1337 2340 1453 2402 σοί,
1500 2334 1590 2398 οἷς
1636 2337 1855 2389 εἴκουσι
1902 2331 2115 2398 πάντες
2158 2327 2391 2402 άστέρες
2434 2333 2535 2389 καὶ
2570 2331 2633 2388 οἳ
2670 2336 2774 2404 τῆς

533 2419 672 2493 ἐμῆς
719 2419 931 2491 φλογὸς
977 2419 1138 2474 αἰτία
1184 2418 1477 2490 γεγόνασι,
1525 2413 1700 2476 τοῦθ’
1734 2415 1771 2490 ή
1813 2416 2005 2488 ξανθὴ
2052 2415 2201 2489 κόμη
2246 2424 2410 2473 ποιεῖ
2436 2417 2537 2472 καὶ
2573 2412 2605 2471 6
2648 2413 2774 2474 ἐλε-

531 2507 812 2576 φάντινος
847 2506 1124 2574 τράχηλος
1159 2507 1259 2560 καὶ
1294 2512 1506 2575 χεῖρες,
1546 2496 1617 2568 ὁὲς
1655 2498 1895 2574 εὔχομαι
1930 2499 2071 2572 πρὸς
2105 2498 2207 2558 τὸν
2242 2497 2382 2572 ἐμὸν
2407 2499 2609 2558 ἐλθεῖν
2632 2499 2773 2572 τρά-

425 2601 492 2650 60
529 2596 706 2662 χηλον
741 2592 842 2647 καὶ
877 2587 1154 2661 σεμνότης
1188 2591 1288 2646 καὶ
1325 2583 1460 2658 ὄψις
1498 2586 1560 2644 ἐκ
1596 2591 1751 2660 τήςθ)
1798 2582 2099 2656 άγροικίας
2144 2583 2409 2656 αἰδήμων
2454 2586 2553 2642 καὶ
2588 2583 2772 2650 πόδες

527 2673 767 2739 ὁποίους
802 2673 968 2746 οἶμαι
1004 2677 1170 2745 μόλις
1208 2672 1360 2729 εἶναι
1396 2677 1499 2744 τῆς
1526 2672 1781 2735 Θέτιδος.
1830 2670 1901 2726 τά
1939 2667 2109 2726 λοιπά
2149 2672 2310 2739 εἴπερ
2338 2666 2601 2726 ἐπαινεῖν
2627 2667 2769 2742 η’δυ-

528 2757 751 2830 νάμην,
796 2751 873 2830 ἦν
907 2753 984 2814 ἂν
1022 2755 1444 2829 ε’ὖτυχέστερος’
1507 2753 1646 2812 οὐδὲ
1692 2756 1801 2826 γὰρ
1837 2751 2205 2827 άμφιβάλλω,
2252 2751 2330 2824 μὴ
2368 2748 2495 2824 οὐχὶ
2532 2760 2633 2809 καὶ
2670 2755 2769 2826 μέ-

528 2866 624 2914 ρος
660 2866 714 2899 τι
748 2847 863 2899 τῶν
897 2847 1010 2899 σῶν
1045 2841 1186 2906 ὅλως
1223 2843 1392 2913 ἔργον
1429 2839 1732 2898 ἐπαινετὸν
1770 2838 1944 2897 εἶναι.
2004 2834 2111 2896 οὐκ
2146 2835 2222 2895 ἂν
2257 2832 2365 2895 οὖν
2400 2841 2492 2909 εἴη
2531 2843 2767 2910 θαυμα-

528 2927 688 2996 στόν,
729 2928 783 2984 εἰ
814 2925 928 2984 ὑπὸ
963 2927 1174 2998 ταύτης
1213 2924 1316 2998 ἐγώ
1354 2930 1456 2998 τῆς
1491 2931 1719 2999 μορφῆς
1756 2925 2099 2988 συνελαθεὶς
2136 2923 2289 2996 ἔχειν
2310 2927 2413 2995 τής
2438 2925 2541 2994 σής
2566 2927 2769 2995 φωνῆς

425 3021 492 3069 65
529 3011 872 3083 ἠβουλήθην
920 3008 1207 3082 ἐνέχυρον.
1291 3011 1390 3067 καὶ
1433 3009 1745 3081 καθάπαξ,
1803 3006 1975 3066 ὁπότε
2021 3009 2091 3066 σὺ
2136 3005 2352 3080 ταύτην
2373 3011 2417 3078 ⁴)
2464 3004 2769 3079 ὁμολογεῖν

528 3092 950 3167 άναγκασθήσῃ
997 3096 1242 3167 δόλοιςὸ)
1290 3091 1538 3167 ἁλῶναι,
1588 3095 1687 3167 ἔσῃ
1731 3101 1852 3160 τοῖς
1898 3091 2057 3166 ἐμοῖς
2102 3091 2294 3158 δόλοις
2337 3088 2556 3150 άλοῦσα
2600 3091 2768 3165 κόρη.

527 3186 627 3239 καὶ
663 3181 886 3253 μέμψιν
920 3181 1258 3251 ὖποσταίην,
1299 3185 1405 3237 καί
1435 3201 1533 3253 μοι
1568 3180 1631 3237 τὸ
1666 3183 1958 3252 προσῆκον
1996 3181 2205 3250 δοθείη
2232 3177 2421 3249 γέρας.
2467 3181 2528 3233 τί
2548 3174 2768 3249 δήποτε

526 3265 636 3337 γάρ
672 3260 748 3322 ἂν
783 3270 889 3322 τοῦ
922 3269 1160 3322 τοσοῦδε
1197 3262 1371 3336 άπείη
1411 3264 1766 3337 ἐνέχυρονςθ)
1804 3262 1912 3336 τήν
1947 3262 2054 3336 μὲν
2090 3263 2199 3335 γὰρ
2228 3259 2501 3334 Ἡσιόνην
2524 3259 2555 3318 6
2586 3268 2766 3319 Τελα-

427 3362 491 3410 70
527 3349 663 3422 μων,
702 3348 809 3423 τήν
832 3354 1114 3422 Βρισηίδα
1153 3349 1214 3406 δ’
1251 3350 1403 3406 εἷλεν
1439 3347 1472 3406 ὁ
1504 3345 1799 3421 Ἀχιλλεύς,
1839 3347 2080 3420 ἑκατέρα
2106 3347 2171 3404 δὲ
2195 3351 2273 3416 τῷ
2297 3345 2594 3418 νικήσαντι
2620 3351 2767 3404 πάν·

527 3457 632 3498 τως
689 3431 1092 3506 ἠκολούθησεν
1149 3430 1342 3506 άνδρί.
1433 3437 1741 3506 κατηγόρει
1797 3455 1909 3504 μου
1965 3431 2067 3505 δή,
2138 3428 2351 3488 ὁπόσον
2397 3429 2601 3503 βούλῃ,
2668 3435 2767 3488 καὶ

528 3518 730 3588 ἐξέστω
767 3539 856 3575 σοι
893 3515 1254 3590 ὀργίζεσθαι,
1303 3520 1358 3576 εἰ
1394 3520 1576 3592 μόνον
1611 3517 1767 3590 ἐξείη
1814 3540 1911 3590 μοι
1961 3521 2271 3589 δοθήναιΊ)
2322 3518 2421 3573 καὶ
2466 3511 2767 3588 α’ργιζομέ-

527 3625 632 3661 νου
652 3609 694 3676 8)
757 3607 862 3662 σοῦ’
919 3601 1262 3661 άπολαῦσαι.
1349 3599 1515 3661 αὐτοὶ
1563 3601 1672 3674 γὰρ
1730 3602 1790 3660 οἰ
1832 3603 1940 3674 τὴν
1986 3599 2163 3674 ὀργὴν
2209 3597 2553 3672 ποιήσαντες
2598 3597 2767 3658 αὐτοὶ

527 3686 743 3761 ταύτην
777 3691 878 3746 καὶ
923 3693 1336 3760 λεπτυνοῦμεν·
1411 3686 1591 3761 μόνον
1637 3685 1881 3758 εὐπορία
1925 3709 2011 3751 τις
2057 3684 2545 3758 ἐξευμενίσασθαί
2576 3705 2643 3742 σε
2680 3709 2765 3758 μι-

427 3782 492 3831 75
527 3775 637 3845 κρά
688 3771 942 3848 δοθήτω.
1019 3771 1199 3847 μόνον
1247 3772 1403 3844 ἐξείη
1435 3793 1549 3844 -μοι
1596 3772 1709 3844 πρὸ
1756 3777 1860 3830 τοῦ
1906 3775 2013 3828 σου
2056 3769 2361 3842 προσώπου
2406 3774 2612 3842 στῆναι
2665 3775 2765 3828 δα-

651 3983 704 4063 ¹)
747 3999 852 4037 scr.
899 3975 1143 4064 λυπήσω.
1293 3981 1336 4046 ²)
1385 3975 1542 4034 ἔσται
1584 3982 1855 4033 Blassius,
2002 3977 2049 4046 ³)
2096 3995 2203 4033 scr.
2252 3971 2429 4038 ἐκτός.
2566 3977 2611 4042 4)
2660 3997 2763 4033 scr.

529 4044 758 4117 σαυτήν.
899 4051 940 4116 ⁵)
980 4047 1171 4109 δόλοις
1206 4051 1513 4104 delendum.
1650 4049 1694 4115 6)
1732 4042 2003 4115 ἐνέχυρον
2042 4064 2109 4098 ex
2132 4048 2507 4112 superioribus
2532 4047 2645 4099 huc
2673 4050 2761 4099 de-

527 4120 703 4169 latum
748 4119 815 4169 de
861 4118 984 4170 loeo
1021 4134 1118 4170 suo
1155 4118 1368 4184 depulit
1402 4119 1692 4184 pristinum
1725 4115 2085 4196 vocabulum,
2123 4116 2267 4180 quod
2304 4115 2548 4166 Blassius
2586 4116 2762 4168 fuisse

531 4189 634 4236 eoi.
669 4179 952 4263 ἐπίχειρα.
1023 4187 1183 4237 simul
1208 4187 1494 4237 intercidit
1516 4179 1987 4267 κακουργήματος
2022 4183 2111 4235 vel
2136 4183 2315 4233 simile
2342 4183 2486 4247 quid.
2595 4183 2640 4247 7)
2668 4182 2761 4235 δυ-

529 4251 792 4319 νηθῆναι
827 4254 1091 4304 Blassius·
1233 4254 1273 4317 ⁸)
1313 4270 1416 4307 scr.
1456 4245 1839 4319 ὀργιζομένης.
