2917 4992
1032 407 1498 472 -119—

178 579 396 652 Ναξίων
449 570 778 657 ἀνάθημα,
833 579 935 640 καὶ
993 573 1302 658 καρυωτὰς
1357 575 1581 656 φιάλας
1623 583 1858 661 χρυσᾶς.
1948 585 2071 645 alia
2114 606 2173 645 v.
2221 586 2387 666 apud

177 684 492 743 Prellerum
536 683 855 744 Polemon.
914 684 1072 761 frgg.
1120 705 1181 764 p.
1232 692 1330 747 177
1391 692 1453 743 et
1506 685 1570 742 in
1616 685 1901 745 Muelleri
1957 686 2115 766 frgg.
2172 687 2385 747 histor.

179 786 268 846 Gr.
295 787 387 848 IV
418 807 480 866 p.
513 791 616 847 492
646 806 783 866 sqq.
871 786 980 844 vix
1023 794 1173 865 puto
1219 787 1519 866 reprimes
1565 788 1989 867 suspitionem,
2036 789 2206 848 iuxta
2232 789 2389 848 haec

165 887 403 966 'aliquod
453 907 703 947 aureum
747 907 992 966 pomum
1021 887 1086 945 in
1117 885 1446 947 Artemisio
1477 889 1734 948 Deliaco
1769 898 2148 950 asservatum
2178 890 2385 965 fuisse,

177 989 258 1046 cui
295 987 448 1048 haec
491 990 751 1068 plurave
787 996 998 1048 essent
1040 989 1366 1068 inscripta:
1403 977 1710 1060 Ἀκόντιος
1740 981 2062 1066 ἀνέθηκεν.
2138 993 2387 1052 omnino

175 1090 376 1148 Delum
431 1092 498 1149 in
553 1099 730 1150 tanta
771 1081 1079 1150 sacrorum
1120 1091 1362 1150 insulae
1408 1091 1764 1152 celebritate
1812 1113 1993 1152 omne
2038 1113 2234 1171 genus
2282 1091 2388 1153 do-

176 1191 342 1250 nariis
413 1199 476 1250 et
534 1192 788 1251 cimeliis
844 1192 1134 1251 refertam
1191 1192 1378 1251 fuisse
1438 1213 1565 1250 non
1626 1192 1873 1252 dubium
1932 1203 2044 1254 est.
2144 1195 2391 1272 singula

174 1302 358 1352 autem
387 1293 780 1354 anathemata
808 1293 914 1352 vel
945 1301 1110 1352 certe
1141 1291 1448 1353 nobiliora
1481 1295 1657 1374 quasi
1685 1294 1967 1354 involuta
1996 1303 2173 1354 erant
2202 1295 2389 1354 histo·

172 1395 249 1452 ria
288 1393 565 1467 fabulari,
615 1415 796 1475 quam
841 1393 1074 1455 aeditui
1118 1395 1348 1454 theoris
1393 1393 1775 1474 pandebant.
1793 1391 1842 1473 ¹)
1904 1406 2089 1477 atque
2117 1397 2237 1456 huc
2267 1397 2388 1478 Cy-

174 1493 390 1575 dippae
435 1496 706 1555 fabulam
749 1497 973 1556 refero·

320 1598 488 1656 Hinc
533 1597 852 1657 commode
905 1599 1012 1656 fiet
1055 1599 1338 1658 transitio
1386 1597 1469 1657 ad
1518 1618 1652 1658 eam
1698 1601 2152 1677 quaestionem,
2222 1601 2391 1661 unde

167 1698 426 1759 fabulam
473 1699 879 1759 Callimachus
925 1701 1254 1779 acceperit.
1346 1720 1527 1780 quam
1582 1701 1782 1780 potuit
1824 1702 1891 1759 in
1937 1701 2144 1781 aliqua
2189 1703 2389 1781 perie—

169 1803 284 1878 gesi
306 1809 534 1860 tactam
561 1802 898 1875 invenisse,
927 1802 1179 1882 quando
1205 1801 1456 1881 quidem
1483 1802 1941 1863 anathematum
1964 1804 2389 1863 enarrationes

169 1901 512 1962 Callimachi
557 1911 764 1962 aetate
809 1905 1068 1982 scriptas
1115 1904 1394 1962 extitisse
1441 1883 1701 1963 constat.
1792 1912 1981 1984 atque
2010 1905 2104 1964 his
2138 1906 2387 1964 omnino

167 2004 430 2064 fontibus
471 2003 910 2063 Callimachum
952 2006 1344 2065 multifariam
1388 2025 1564 2065 usum
1610 2025 1746 2065 esse
1792 2007 1857 2064 in
1904 2007 2081 2065 aetiis
2128 2007 2389 2066 conscri-

167 2105 373 2165 bendis
405 2125 705 2186 perquam
737 2116 832 2164 est
861 2105 1208 2185 probabile.
1285 2127 1357 2166 ac
1402 2127 1483 2166 ne
1513 2107 1787 2166 historici
1822 2107 2072 2188 quidem
2101 2109 2251 2167 talia
2282 2129 2388 2167 an-

169 2209 425 2287 quirenti
469 2215 760 2287 poterant
790 2208 1032 2268 steriles
1063 2207 1282 2268 videri.
1344 2209 1434 2268 ita
1464 2216 1630 2267 certe
1663 2207 1871 2268 fabula
1902 2209 2091 2268 schol.
2123 2210 2199 2268 11.
2234 2212 2293 2266 A
2322 2217 2392 2272 38

169 2308 348 2389 (apud
393 2310 762 2369 Muellerum
805 2311 838 2370 I
883 2311 1000 2390 frg.
1047 2308 1176 2388 339)
1242 2309 1321 2369 de
1367 2309 1666 2390 Apolline
1715 2311 1951 2372 Cillaeo
2014 2331 2092 2370 ex
2135 2311 2390 2371 Theo-

165 2431 313 2490 pom
324 2433 420 2492 po
452 2412 664 2485 relata,
701 2430 882 2493 quem
907 2410 1074 2471 haud
1106 2414 1298 2473 semel
1327 2411 1737 2473 Callimachus
1770 2411 2068 2486 adhibuit,
2100 2412 2393 2472 idoneum

165 2514 358 2573 aetion
405 2512 710 2592 praebere
754 2521 1026 2593 poterat,
1076 2522 1260 2594 atque
1307 2513 1473 2574 idem
1521 2515 1704 2574 etiam
1748 2514 2187 2597 Theopompus
2235 2516 2391 2574 eius-

163 2615 315 2674 modi
363 2623 726 2693 argumenta
770 2624 835 2674 ut
878 2617 1129 2695 Pyrami
1185 2635 1258 2675 ac
1300 2615 1574 2676 Thisbae
1629 2617 1913 2676 infelices
1971 2636 2207 2675 amores
2250 2618 2387 2675 teti-

165 2725 347 2794 gerat.
397 2717 477 2776 cf.
513 2718 674 2777 Plut.
719 2737 846 2776 non
892 2737 1076 2797 posse
1108 2719 1382 2777 suaviter
1421 2726 1535 2777 etc.
1577 2729 1641 2780 10
1684 2714 1883 2797 (apud
1914 2719 2241 2777 Miillerum
2272 2718 2388 2795 frg.

163 2818 304 2896 294).
370 2838 585 2878 verum
621 2820 874 2899 pronior
916 2838 1122 2898 paene
1168 2839 1300 2878 sum
1341 2820 1408 2878 in
1442 2839 1576 2878 eam
1622 2820 1999 2899 opinionem,
2044 2827 2112 2879 ut
2142 2826 2390 2898 poetam

163 2920 313 2980 hanc
381 2919 653 2980 fabulam
721 2941 924 2980 coram
995 2922 1318 3000 excepisse
1385 2921 1651 2981 credam.
1741 2941 1884 2980 nam
1952 2921 2393 2997 Callimachum

162 3023 390 3100 magnis
437 3042 505 3081 se
549 3021 869 3082 itineribus
928 3022 1299 3082 commisisse
1355 3043 1483 3082 non
1542 3024 1738 3084 solum
1796 3021 1872 3082 ob
1917 3024 2034 3102 frg.
2084 3031 2211 3096 109,
2277 3022 2391 3082 sed

162 3126 443 3183 universo
493 3123 675 3182 etiam
720 3144 951 3202 genere
997 3125 1351 3203 multiplicis
1397 3124 1697 3184 scientiae
1746 3145 1927 3205 quam
1959 3133 2403 3184 commonstrat.

163 3246 349 3306 prope
397 3233 628 3285 certum
673 3221 840 3304 est.²)
905 3235 968 3285 at
1009 3227 1076 3287 in
1121 3227 1260 3306 ipsa
1306 3228 1490 3286 etiam
1518 3226 1695 3286 ‘Delo
1739 3227 1943 3285 insula
1986 3225 2233 3284 videtur
2278 3226 2387 3283 ali·

163 3325 448 3405 quamdiu
490 3328 922 3406 peregrinatus
971 3347 1127 3388 esse.
1217 3347 1358 3387 nam
1403 3347 1537 3386 cum
1584 3329 1640 3387 ei
1684 3328 1924 3388 insulae
1969 3327 2392 3386 Ptolemaeum

169 3429 640 3509 Philadelphum
681 3432 1018 3508 imperasse
1048 3429 1485 3508 inscriptiones
1529 3437 1721 3490 testes
1753 3448 1920 3487 nunc
1963 3430 2089 3488 sint
2122 3427 2391 3489 disertae

166 3529 259 3605 (cf.
308 3530 380 3591 C.
427 3531 479 3589 Ι.
528 3531 604 3596 G.
651 3531 720 3591 H
763 3552 824 3589 n.
869 3539 1006 3595 2267
1055 3550 1213 3611 quae
1257 3531 1441 3591 inscr.
1502 3531 1582 3591 ad
1637 3532 1838 3611 ipsum
1882 3551 2189 3592 sacrorum
2233 3551 2390 3590 com-

288 3767 329 3832 ¹)
371 3768 518 3830 Quot
553 3782 652 3832 per
679 3765 975 3816 Graeciam
1011 3765 1382 3831 reliquiae,
1422 3783 1565 3832 quae
1600 3768 1749 3817 inter
1784 3767 2141 3817 anathemata
2174 3765 2391 3831 positae
2491 3795 2494 3799 -

166 3852 226 3902 ad
267 3852 496 3904 heroum
542 3865 735 3902 aevum
782 3851 1146 3913 referrentur,
1199 3867 1233 3900 a
1279 3852 1661 3902 sacerdotibus
1708 3856 1763 3901 et
1811 3850 2045 3902 aedituis
2092 3850 2203 3899 sint
2237 3864 2386 3898 mon-

165 3940 396 4000 stratae,
455 3953 486 3986 e
533 3936 815 3986 Pausania
853 3936 1082 3986 ‘abunde
1131 3941 1469 4002 compertum
1515 3936 1799 3986 habemus.
1874 3934 1945 3984 cf.
1992 3935 2236 3999 Zoegam
2280 3934 2411 3993 Ab·>

163 4021 514 4088 handlungen
548 4037 601 4087 p.
638 4021 738 4070 284
763 4033 880 4086 sqq.
923 4025 977 4070 et
1011 4020 1354 4071 Lobeckium
1389 4019 1663 4087 Aglaoph.
1699 4035 1752 4085 p.
1790 4021 1854 4070 51
1882 4034 1957 4084 sq-

287 4105 332 4169 ²)
369 4105 573 4156 Lincki
610 4109 794 4156 autem
831 4106 1187 4156 coniecturae
1224 4105 1261 4156 l.
1290 4121 1339 4156 c.
1364 4122 1418 4171 p.
1447 4107 1479 4156 '7
1514 4103 1784 4170 prolatae,
1823 4102 2223 4155 Callimachum
2251 4117 2389 4162 eum,

166 4191 248 4254 qui
293 4191 354 4240 in
397 4190 561 4242 titulo
605 4188 836 4240 Athenis
882 4192 1101 4255 reperto
1147 4193 1204 4240 et
1250 4205 1284 4239 a
1329 4189 1532 4240 Meiero
1581 4192 1867 4239 comment.
1908 4186 2080 4253 epigr.
2116 4203 2169 4252 p.
2204 4189 2271 4238 23
2308 4202 2389 4252 sq.

167 4275 405 4325 exhibito
450 4275 519 4326 ob
566 4273 894 4340 largitiones
938 4276 1022 4324 rei
1062 4273 1323 4339 publicae
1368 4273 1588 4324 oblatas
1633 4274 1779 4322 inter
1826 4274 1977 4324 cives
2019 4273 2391 4336 Athenienses

165 4363 510 4423 memoratur,
549 4365 773 4426 poetam
807 4360 1180 4427 Cyrenensem
1215 4373 1365 4423 esse,
1403 4357 1565 4410 fidem
1600 4373 1709 4410 non
1743 4358 1941 4410 habeo.
