2917 4992
1327 339 1787 402 „154—

663 521 800 572 tura
843 513 1042 572 feras:
1101 513 1341 591 prosint
1387 531 1545 592 quae
1591 532 1859 572 nocuere
1903 533 2137 572 manus.

447 625 543 677 185
591 635 723 688 cur,
774 634 932 694 quae
977 621 1334 690 succenset,
1381 613 1550 694 quod
1594 614 1797 674 adhuc
1838 616 1951 674 tibi
1996 623 2177 694 pacta
2221 616 2431 694 puella

666 738 795 776 non
840 724 946 775 tua
987 718 1097 789 sit,
1141 717 1274 775 fieri
1319 736 1401 774 ne
1443 724 1551 775 tua
1595 717 1793 796 possit
1836 716 2007 794 agit?

583 819 788 878 omnia
834 818 911 876 de
957 819 1102 876 viva
1139 816 1256 876 -tibi
1298 826 1442 877 sunt
1487 817 1828 897 speranda:
1892 818 2039 898 quid
2085 819 2285 878 aufert

662 940 854 978 saeva
898 920 1044 978 mihi
1088 920 1304 992 vitam,
1350 939 1525 999 spem
1568 920 1682 978 tibi
1724 911 1917 980 saeva
1959 920 2130 979 mei?

580 1040 697 1080 nec
739 1029 805 1080 tu
851 1020 1185 1080 credideris
1229 1021 1400 1080 illum
1414 1063 1433 1098 ‚
1482 1022 1577 1079 cui
1625 1019 1905 1081 destinor
1945 1041 2128 1094 uxor,

442 1131 542 1184 190
669 1142 856 1201 aegra
900 1123 1292 1203 superposita
1334 1122 1606 1181 membra
1650 1122 1863 1182 fovere
1909 1143 2113 1183 manu.

580 1223 814 1284 assidet
856 1224 962 1284 ille
1010 1225 1288 1306 quidem,
1339 1233 1633 1304 quantum
1678 1224 2076 1303 permittitur,
2121 1224 2259 1303 ipse

665 1324 777 1384 sed
820 1327 1125 1399 meminit,
1172 1334 1447 1384 nostrum
1490 1326 1750 1404 virginis
1798 1345 1934 1385 esse
1978 1335 2194 1385 torum.

578 1427 698 1484 iam
747 1448 990 1507 quoque
1036 1427 1246 1486 nescio
1294 1425 1444 1506 quid
1492 1425 1570 1485 de
1614 1446 1712 1485 me
1757 1427 2029 1486 sensisse
2071 1427 2351 1486 videtur:

665 1549 807 1587 nam
849 1529 1139 1588 lacrimae
1185 1548 1368 1588 causa
1413 1548 1605 1606 saepe
1649 1530 1887 1589 latente
1934 1527 2192 1601 cadunt,

447 1637 539 1690 195
587 1638 648 1689 et
690 1631 889 1689 minus
935 1629 1230 1690 audacter
1272 1629 1589 1689 blanditur
1633 1637 1697 1689 et
1737 1629 1943 1689 oscula
1985 1649 2125 1688 rara

663 1732 887 1811 accipit
933 1740 995 1792 et
1036 1731 1251 1791 timido
1296 1751 1393 1791 me
1438 1739 1622 1790 vocat
1666 1751 1773 1791 ore
1818 1751 2006 1791 suam.

579 1853 696 1893 nec
739 1835 924 1892 miror
967 1835 1270 1907 sensisse,
1319 1833 1483 1892 notis
1530 1809 1662 1892 clim
1706 1832 1937 1911 prodar
1977 1833 2237 1911 apertis:

662 1936 728 1994 in
776 1934 1056 1994 dextrum
1098 1953 1340 2009 versor,
1388 1954 1522 1993 cum
1553 1935 1741 1993 'venit
1783 1935 1920 2007 ille,
1967 1935 2125 1994 latus

578 2055 695 2095 nec
736 2037 958 2117 loquor
1002 2044 1065 2095 et
1106 2043 1269 2096 tecto
1313 2035 1629 2095 simulatur
1671 2036 1899 2095 lumine
1944 2055 2190 2096 somnus

436 2145 541 2198 200
669 2145 1022 2217 captantem
1065 2145 1260 2197 tactus
1303 2138 1616 2217 reicioque
1662 2157 1924 2196 manum.

576 2239 836 2317 ingemit
881 2249 943 2299 et
985 2241 1172 2298 tacito
1219 2240 1488 2317 suspirat
1531 2247 1811 2317 pectore,
1859 2258 1956 2297 me
2003 2237 2168 2319 quod

666 2341 992 2413 offensam,
1043 2342 1320 2420 quamvis
1366 2361 1493 2399 non
1536 2349 1871 2414 mereatur,
1917 2338 2125 2399 habet.

580 2442 636 2499 ei
663 2441 828 2500 mihi
875 2441 1040 2521 quod
1087 2441 1322 2519 gaudes
1371 2450 1433 2500 et
1475 2449 1539 2500 te
1583 2442 1755 2501 iuvat
1799 2443 1917 2500 ista
1959 2441 2275 2519 voluptas!

663 2543 720 2601 ei
764 2543 914 2602 mihi
960 2542 1126 2622 quod
1173 2562 1390 2602 sensus
1434 2563 1568 2602 sum
1610 2541 1723 2602 tibi
1768 2544 1935 2602 fassa
1977 2545 2177 2602 meos!

435 2652 537 2704 205
581 2645 635 2703 si
676 2645 825 2702 mihi
867 2645 1082 2722 lingua
1125 2645 1311 2718 foret,
1358 2653 1425 2703 tu
1472 2652 1689 2704 nostra
1731 2645 1947 2704 iustius
1989 2644 2112 2716 ira,

664 2747 768 2825 qui
810 2746 957 2804 mihi
1003 2744 1305 2805 tendebas
1351 2746 1540 2819 retia,
1590 2745 1813 2823 dignus
1862 2764 2019 2804 eraS.

576 2844 820 2919 scribis,
869 2856 935 2906 ut
977 2846 1318 2907 invalidum
1361 2846 1549 2906 liceat
1591 2846 1705 2906 tibi
1750 2847 1951 2905 visere
1998 2865 2252 2924 corpus:

662 2965 726 3004 es
771 2948 988 3025 procul
1033 2966 1070 3005 a
1113 2947 1320 3021 nobis,
1371 2956 1432 3007 et
1475 2956 1684 3007 tamen
1734 2947 1885 3006 inde
1929 2949 2137 3007 noc‘es.

575 3046 868 3121 mirabar,
919 3067 1107 3128 quare
1152 3048 1265 3107 tibi
1309 3068 1535 3108 nomen
1581 3049 1882 3108 Acontius
1931 3058 2123 3108 esset:

566 3284 618 3316 v.
648 3268 745 3317 185
778 3281 1046 3316 succenses
1081 3281 1132 3316 v.
1162 3293 1225 3302 —
1261 3282 1313 3317 v.
1343 3267 1440 3315 186
1476 3282 1576 3316 non
1612 3273 1699 3316 tua
1732 3267 1829 3316 sed
1863 3270 1918 3316 et
1952 3267 2063 3331 aqis
2096 3281 2148 3318 v.
2176 3293 2237 3302 -
2274 3281 2331 3316 v.
2357 3266 2457 3315 188
2488 3283 2705 3321 scaeva

431 3352 549 3401 mihi
570 3367 622 3402 v.
671 3351 761 3402 tibi
783 3353 900 3401 diva
923 3351 969 3400 L
995 3365 1048 3411 v,
1085 3350 1286 3416 scripsi
1321 3350 1413 3400 tibi
1443 3366 1614 3401 saeva.
1642 3375 1703 3384 -·
1740 3365 1794 3401 v.
1823 3352 1918 3400 191
1956 3357 2193 3416 quantum
2222 3352 2540 3414 permittitur
2580 3355 2706 3419 ipsi

431 3437 504 3498 L,
543 3442 778 3499 quantum
806 3437 1104 3500 permittitis
1139 3437 1242 3500 ipsi
1275 3450 1329 3497 v,
1367 3441 1555 3484 tantum
1588 3421 1899 3499 permittitur
1931 3437 2035 3500 ipsi
2066 3435 2409 3484 Burmannus
2426 3473 2439 3498 ,
2476 3441 2705 3489 tantum

433 3518 606 3568 facile
641 3523 812 3568 recte.
871 3519 1072 3585 scripsi
1107 3526 1344 3584 quantum
1375 3520 1713 3582 permittitur,
1761 3521 1891 3583 ipse.
1927 3545 1994 3553 —
2037 3533 2088 3568 v.
2124 3520 2221 3568 193
2257 3525 2310 3567 et
2342 3535 2539 3584 quoque
2584 3525 2707 3574 iam

431 3605 602 3653 nescio
637 3605 763 3668 quid
795 3605 859 3652 de
893 3606 1112 3654 sensisse
1147 3619 1199 3665 v,
1238 3605 1336 3653 iam
1370 3619 1568 3669 quoque
1603 3605 1773 3654 nescio
1808 3605 1933 3668 quid
1965 3603 2028 3666 L,
2068 3602 2323 3666 idemque
2353 3603 2456 3652 coi.
2496 3603 2706 3658 Hein-

431 3689 570 3749 siuS,
621 3688 716 3752 qui
761 3687 924 3736 simul
969 3703 1066 3752 pro
1114 3689 1178 3738 de
1211 3703 1287 3737 me
1333 3687 1506 3738 scribi
1549 3687 1667 3739 vult
1702 3690 1766 3737 de
1803 3693 1869 3737 te.
1914 3713 1981 3721 —
2026 3702 2079 3737 v.
2118 3689 2220 3737 200
2264 3688 2583 3750 capitantem
2638 3707 2707 3744 v.

430 3775 674 3838 eiieioque
721 3773 767 3822 L
793 3788 854 3832 v,
902 3773 1158 3838 reicioque
1193 3771 1483 3822 Heinsius.
1526 3797 1594 3807 -
1638 3787 1691 3822 v.
1730 3773 1828 3822 201
1875 3772 2028 3821 tacite
2072 3787 2123 3822 v.
2192 3786 2367 3836 meque
2412 3771 2459 3820 L
2485 3787 2551 3834 v,
2614 3794 2706 3828 me

429 3859 568 3921 quod
600 3856 879 3906 Heinsius.
927 3883 992 3892 —
1041 3872 1094 3906 v.
1134 3857 1232 3906 202
1269 3859 1479 3922 quanvis
1513 3856 1576 3906 L.
1614 3881 1684 3893 —
1726 3873 1780 3906 v.
1817 3858 1917 3907 203
1951 3858 1999 3905 si
2030 3856 2149 3904 mihi
2182 3856 2321 3920 quod
2351 3857 2427 3916 L,
2475 3857 2526 3905 si
2564 3862 2712 3912 mihi

430 3942 554 4005 quid
585 3956 646 4003 v,
695 3941 778 3990 hei
821 3941 939 3992 milei
982 3943 1120 4006 quod
1155 3939 1479 3992 Gronovius.
1550 3943 1653 3991 ista
1694 3943 1920 3990 simultas
1954 3940 2246 4004 Heinsius,
2292 3942 2396 3990 ista
2438 3942 2706 3995 voluntas·

428 4025 471 4073 I.
498 4024 590 4075 Fr.
615 4025 1012 4090 Heusingerus.
1063 4025 1302 4075 fortasse
1326 4028 1442 4090 ipsa
1466 4027 1713 4090 voluptas,
1754 4025 1829 4076 cf.
1856 4040 1942 4091 ep.
1968 4025 2076 4074 XII
2100 4025 2185 4088 75,
2214 4039 2281 4074 ex
2304 4024 2365 4074 P.
2394 4024 2483 4074 ΙΙΙ
2508 4027 2565 4091 9,
2600 4030 2699 4094 21,

432 4107 564 4157 alia.
605 4135 667 4144 —
716 4124 769 4159 v.
808 4111 908 4160 204
949 4112 998 4160 si
1030 4110 1147 4159 milti
1178 4111 1225 4158 L
1251 4125 1310 4172 v,
1359 4109 1445 4158 kei
1476 4109 1595 4159 mila·
1631 4108 1955 4160 Gronovius.
2000 4135 2067 4142 —-
2112 4124 2165 4158 v.
2204 4110 2303 4158 206
2336 4109 2387 4158 si
2418 4109 2543 4158 mihi
2582 4115 2703 4164 lin—

425 4207 528 4254 qua
558 4194 701 4254 foret
737 4197 1048 4258 corruptum
1073 4194 1306 4246 videtur.
1365 4193 1583 4244 tentavi
1607 4197 1661 4243 m·
1681 4194 1799 4242 mihi
1820 4195 1984 4243 vincla
2004 4194 2181 4255 forent
2204 4191 2295 4243 vel
2320 4209 2354 4241 a
2376 4193 2485 4258 ηἰειζ
2500 4195 2703 4252 vineta

424 4275 586 4338 foret.
656 4292 782 4325 nam
825 4279 874 4326 si
915 4278 1033 4326 mihi
1077 4293 1141 4326 ex
1189 4277 1559 4343 superioribus
1605 4277 1711 4327 huc
1749 4277 1987 4326 delatum
2027 4280 2177 4341 puto.
2248 4277 2441 4340 inepta
2478 4282 2705 4333 ceteri.
