2917 4992
1276 339 1743 401 —144—

628 536 753 576 neu
795 516 1014 576 falsam
1063 515 1231 575 dicas
1279 534 1444 589 esse,
1494 515 1593 572 fac
1635 519 1773 593 ipsa
1816 512 2003 591 legat.

543 619 794 678 alterius
838 613 1105 678 thalamo
1125 662 1140 692 ,
1185 615 1298 676 tibi
1343 637 1488 690 nos,
1534 614 1646 674 tibi
1696 615 1978 689 dicimus,
2026 615 2157 674 exi!

629 719 778 800 quid
824 718 1164 779 facishic‘?
1232 719 1364 778 exi!
1431 738 1559 776 non
1607 725 1785 776 vacat
1828 717 1943 776 iste
1988 711 2199 794 torus.]

401 830 504 883 155
550 842 693 880 nam
739 820 906 901 quod
951 820 1144 880 habes
1191 829 1253 879 et
1295 829 1362 878 tu
1406 819 1637 897 gemini
1680 817 1871 878 verba
1915 819 2110 878 altera
2153 817 2348 896 pacti,

626 942 754 983 non
802 923 924 982 erit
960 905 1187 981 idcirco
1215 941 1348 1000 ,par
1390 929 1497 980 tua
1540 941 1723 980 causa
1766 939 1961 980 meae.

540 1024 696 1084 haec
738 1024 885 1083 mihi
929 1044 996 1084 se
1042 1023 1314 1103 pepigit,
1361 1030 1541 1102 pater
1579 1023 1744 1110 ‘hanc
1786 1020 1928 1096 tibi,
1975 1022 2203 1101 primus
2248 1019 2326 1080 ab
2370 1021 2505 1094 illa,

627 1126 738 1186 sed
783 1127 1038 1205 propior
1082 1133 1247 1184 certe
1293 1143 1478 1205 quam
1521 1125 1700 1204 pater
1742 1125 1881 1205 ipsa
1924 1123 2121 1184 sibist.

542 1228 821 1306 promisit
864 1235 1044 1307 pater
1086 1227 1277 1304 hanc,
1321 1226 1479 1285 haec
1525 1235 1585 1286 et
1628 1227 1854 1286 iuravit
1898 1226 2145 1286 amanti.

403 1336 506 1390 160
546 1375 555 1383 .
631 1328 738 1387 ille
781 1329 1092 1404 homines,
1137 1329 1294 1387 haec
1341 1339 1436 1388 est
1479 1329 1803 1388 testificata
1848 1327 2045 1387 deam.

542 1430 646 1488 ille
690 1431 866 1490 timet
907 1430 1207 1505 mendax,
1253 1430 1429 1490 timet
1470 1430 1917 1509 haecsperiura
1958 1429 2197 1489 vocarit

627 1552 772 1591 num
817 1531 1092 1606 dubitas,
1139 1533 1241 1591 hic
1283 1533 1364 1592 sit
1407 1531 1599 1590 maior
1643 1551 1724 1590 an
1768 1531 1876 1590 ille
1921 1529 2165 1590 metus?

548 1629 877 1714 [denique,
923 1643 992 1694 ut
1035 1632 1347 1693 amborum
1393 1633 1676 1693 conferre
1720 1634 1997 1712 pericula
2041 1632 2272 1712 possis,

626 1736 870 1815 respice
915 1735 997 1796 ad
1044 1744 1336 1796 eventus:
1393 1735 1552 1793 haec
1596 1734 1776 1794 cubat
1798 1780 1813 1809 ,
1853 1735 1961 1795 ille
2004 1729 2216 1813 valet]

403 1845 502 1898 165
549 1856 664 1896 nos
711 1857 956 1918 quoque
1005 1837 1284 1898 dissimili
1330 1838 1666 1896 certamina
1708 1845 1915 1896 mente
1960 1835 2261 1896 subimus:

627 1957 745 1997 nec
787 1959 934 2018 spes
978 1925 1091 2019 par
1135 1936 1313 1998 nobis
1359 1958 1478 1998 nec
1522 1939 1700 1999 timor
1744 1958 1977 2018 aequus
2022 1936 2219 1997 adest.

543 2047 610 2097 tu
654 2041 816 2119 petis
864 2060 943 2100 ex
984 2049 1148 2101 tuto:
1209 2041 1453 2120 gravior
1494 2040 1645 2099 mihi
1688 2048 1881 2099 morte
1926 2039 2262 2120 repulsast,

625 2139 818 2221 idque
865 2161 980 2220 ego
1026 2144 1176 2216 iam,
1228 2141 1393 2222 quod
1438 2151 1505 2202 tu
1549 2143 1757 2202 forsan
1805 2140 2066 2214 amabis,
2114 2159 2271 2200 amo·

543 2243 602 2328 si·
638 2241 751 2301 tibi
794 2233 1096 2318 iustitiae,
1143 2244 1195 2304 si
1238 2245 1390 2304 recti
1436 2263 1582 2303 cura
1625 2245 1871 2318 fuisset,

401 2350 505 2405 170
634 2344 856 2404 cedere
905 2344 1208 2404 debueras
1253 2344 1498 2424 ignibus
1542 2346 1677 2427 ipse
1720 2347 1893 2405 meis.

543 2464 710 2504 nunc
755 2444 1045 2528 quoniam
1092 2444 1258 2505 ferus
1303 2446 1402 2506 hic
1445 2467 1559 2526 pro
1608 2465 1792 2507 causa
1835 2454 2073 2525 pugnat
2116 2446 2359 2526 iniqua,

627 2545 709 2606 ad
758 2546 935 2628 quid,
985 2545 1311 2628 Cydippe,
1360 2547 1567 2607 littera
1610 2557 1821 2608 nostra
1862 2546 2071 2608 redit?

539 2648 640 2707 hic
685 2649 835 2708 facit
875 2657 944 2707 ut
987 2649 1193 2709 iaceas
1241 2657 1302 2709 et
1344 2649 1428 2709 sis
1474 2658 1761 2729 suspecta
1801 2650 2082 2710 Dianae:

626 2750 792 2810 hunc
833 2758 929 2824 tu,
976 2751 1030 2811 si
1073 2752 1315 2831 sapias,
1360 2751 1551 2810 limen
1598 2751 1771 2811 adire
1813 2760 2011 2812 vetes.

405 2858 502 2913 175
546 2851 665 2910 hoc
709 2853 982 2912 faciente
1026 2851 1192 2913 subis
1235 2861 1361 2911 tam
1405 2872 1596 2935 saeva
1641 2853 1916 2932 pericula
1958 2854 2144 2927 vitae,

540 3007 546 3012 .
627 2960 816 3032 atque
863 2955 1099 3012 utinam
1141 2973 1254 3032 pro
1302 2961 1393 3027 te,
1443 2955 1547 3033 qui
1590 2963 1799 3014 movet
1838 2955 1966 3030 illa,
2014 2953 2229 3014 cadat!

542 3073 725 3133 quem
767 3055 821 3114 si
865 3055 1208 3133 reppuleris
1251 3073 1398 3129 nec,
1449 3041 1630 3136 quem
1678 3056 1797 3116 dea
1841 3055 2122 3131 damnat,
2170 3057 2421 3130 amariS,

625 3165 688 3215 et
729 3165 799 3215 tu
843 3157 1170 3230 continu0,
1218 3165 1384 3216 certe
1431 3176 1547 3235 ego
1593 3158 1801 3219 salvus
1848 3177 1972 3218 ero·

533 3373 584 3410 v.
624 3357 720 3407 152
752 3358 872 3420 face
909 3373 943 3406 a
977 3373 1060 3422 pr.
1096 3373 1166 3408 m.
1205 3355 1280 3422 G,
1315 3355 1408 3422 fac
1441 3360 1531 3408 illa
1566 3358 1631 3408 L.
1657 3385 1723 3395 —
1758 3373 1811 3408 v.
1851 3359 1948 3408 155
1982 3357 2312 3409 vocabulum
2349 3358 2490 3423 quod
2530 3359 2654 3410 fuit

391 3441 544 3490 ‘inter
589 3449 641 3490 tu
688 3445 744 3490 et
776 3442 932 3492 verba
967 3438 1225 3491 detritum
1263 3447 1349 3492 est
1384 3444 1442 3492 in
1478 3444 1523 3492 P
1550 3445 1606 3507 1,
1666 3444 1759 3507 qui
1802 3443 1860 3492 in
1903 3444 2152 3508 margine
2198 3443 2371 3494 habet
2416 3443 2648 3496 humani.
2722 3472 2727 3476 ·

397 3531 454 3573 tu
494 3525 651 3574 verba
695 3526 894 3575 humani
937 3528 1104 3576 altera
1138 3526 1211 3588 L,
1261 3533 1316 3577 tu
1358 3527 1515 3578 verba
1558 3529 1773 3577 humana
1806 3529 1975 3577 altera
2010 3527 2115 3577 1²2.
2172 3527 2231 3576 in
2265 3526 2313 3577 G
2348 3527 2407 3577 hi
2441 3543 2651 3578 versus

399 3613 757 3671 evanuerunt,
795 3626 848 3662 v.
872 3609 1050 3674 praef.
1084 3613 1270 3675 gemini
1300 3611 1599 3662 Merkelus.
1630 3639 1694 3646 —
1729 3627 1782 3662 v.
1810 3613 1908 3662 158
1940 3613 2189 3676 proprior
2222 3612 2328 3661 Pl.
2353 3638 2421 3646 —
2453 3627 2506 3662 v.
2538 3613 2651 3664 159

397 3695 524 3744 haec
556 3696 675 3758 ipsa
704 3695 892 3744 iuravit
924 3695 991 3746 L.
1026 3721 1094 3728 —
1137 3711 1190 3746 v.
1229 3696 1323 3745 161
1360 3697 1442 3746 hie
1475 3697 1649 3746 metuit
1681 3697 1905 3747 mendax
1938 3694 2094 3759 libri,
2143 3695 2341 3762 scripsi
2374 3698 2458 3746 ille
2496 3697 2651 3749 timet

397 3821 636 3870 mendax.
707 3779 864 3870 haece:
881 3821 1099 3885 periura
1121 3821 1166 3871 P
1181 3823 1227 3879 1,
1253 3822 1345 3871 hee
1369 3828 1421 3871 et
1437 3824 1657 3885 periura
1679 3822 1751 3880 L,
1788 3824 2012 3872 mendax
2043 3823 2171 3872 haec
2204 3829 2255 3872 et
2283 3824 2503 3886 periura
2526 3823 2647 3878 1³2.

397 3929 464 3939 —
497 3920 550 3955 v.
589 3906 686 3954 162
721 3921 789 3955 an
824 3906 1026 3956 dubitas
1060 3905 1176 3968 Pl,
1215 3921 1315 3957 non
1350 3906 1553 3956 dubitas
1587 3906 1701 3969 P2‚
1751 3923 1863 3956 num
1898 3907 2099 3956 dubitas
2132 3906 2197 3956 L.
2234 3932 2295 3942 —
2334 3921 2385 3957 v.
2424 3909 2523 3958 163
2550 3922 2648 3972 sq.

399 3988 821 4054 circumscripsi.
847 4015 911 4025 —-
946 4007 1000 4040 v.
1028 3991 1124 4042 168
1147 3991 1301 4056 idque
1325 4005 1419 4056 eqo
1443 3992 1582 4055 quod
1601 3993 1700 4041 iam
1724 3997 1777 4041 tu
1802 3990 1867 4041 L.
1890 4014 1961 4027 -·-
1993 4005 2046 4041 v.
2073 3992 2171 4041 170
2194 3991 2409 4041 eredere
2432 3993 2476 4042 P
2492 3995 2541 4040 1.
2569 4019 2647 4030 —-

398 4129 450 4164 v.
479 4116 575 4165 172
600 4072 732 4180 αάξς
760 4151 773 4164 .
875 4131 980 4180 ppe
1000 4116 1044 4165 P
1059 4118 1107 4167 1.
1128 4142 1191 4151 -
1218 4133 1269 4169 v.
1295 4119 1392 4167 175
1408 4118 1493 4166 Pl
1516 4117 1719 4167 deficit.
1742 4144 1805 4154 -
1824 4132 1877 4170 v.
1898 4119 2164 4169 175-178
2184 4117 2347 4169 valde
2367 4119 2647 4185 suspecti.

400 4221 462 4230 -—
501 4212 553 4246 v.
583 4200 678 4248 176
703 4201 789 4248 illa
815 4199 901 4248 1³2
939 4207 996 4250 et
1033 4218 1066 4250 a
1089 4217 1172 4266 pr.
1196 4217 1267 4251 m.
1295 4201 1361 4265 G,
1397 4204 1483 4251 ille
1508 4203 1553 4251 L
1582 4207 1639 4251 et
1663 4208 1941 4253 correctus
1976 4203 2039 4254 G.
2070 4231 2131 4239 —-
2168 4219 2219 4254 v.
2249 4205 2344 4254 177
2378 4206 2649 4269 repuleris

398 4280 582 4346 vulg0.
633 4283 873 4346 dampnat
909 4285 956 4333 L
980 4285 1086 4335 P2.
1127 4311 1186 4321 ·-
1223 4301 1278 4336 v.
1317 4287 1414 4337 178
1449 4294 1503 4336 et
1536 4289 1771 4338 continuo
1807 4288 1865 4337 in
1900 4289 2148 4353 margine
2186 4296 2239 4339 tu
2273 4287 2528 4352 suppleto
2570 4290 2645 4340 G.
