2917 4992
981 305 1487 402 .—45-

173 513 292 591 Ip.
325 519 427 574 175
455 530 596 590 sqq.
641 517 924 571 tractata.
973 510 1050 569 cf.
1094 511 1351 570 Lucian.
1400 509 1544 570 dial.
1596 509 1767 572 deor.
1812 519 1876 586 4,
1923 521 1985 586 3,
2033 511 2395 592 Asclepiad.

177 613 325 673 anth.
370 613 444 671 P.
476 613 612 672 XII
640 619 727 686 47,
775 612 1076 691 Meleagr.
1107 611 1261 674 ibid.
1291 619 1379 675 47.
1427 632 1547 673 nec
1574 613 1775 674 minus
1806 614 2031 694 opinor
2074 613 2397 694 probabile

177 725 281 788 est,
325 735 462 775 cum
505 715 628 775 illis
673 713 880 774 verbis
926 714 1043 793 frg.
1075 723 1182 778 238

1101 879 1244 944 δέκα
1290 871 1348 942 δ’
1397 873 1643 963 ἄστριας
1686 880 1899 943 αἴνυτο
1944 877 2158 963 λάτρον

173 1058 248 1115 ita
275 1056 432 1126 ‚olim
479 1055 859 1128 cohaesisse,
918 1063 986 1113 ιιι
1033 1073 1190 1134 quae
1246 1073 1432 1133 supra
1478 1053 1946 1133 promittebatur
1988 1035 2221 1116 merces
2270 1047 2398 1134 (λά-

175 1155 324 1236 τρον)
379 1157 553 1217 hisce
601 1156 918 1235 duplicata
960 1156 1083 1215 iam
1126 1164 1483 1216 narraretur
1539 1175 1677 1217 esse
1736 1175 2034 1238 expensa.
2120 1158 2239 1218 hoc
2287 1167 2397 1232 est,

176 1260 218 1319 si
260 1259 511 1340 quidem
544 1257 920 1338 Cupidinem
950 1259 1257 1337 appellari
1299 1267 1469 1318 recte
1500 1279 1705 1320 sumus
1736 1262 2061 1340 suspicati,
2111 1267 2399 1340 expecta·

174 1363 388 1421 tionem
433 1359 684 1440 agendo
729 1361 921 1438 longe
965 1360 1074 1420 ille
1120 1362 1456 1441 superavit.
1532 1362 1654 1422 iam
1696 1361 1873 1438 vide,
1925 1383 2105 1444 quam
2151 1363 2400 1440 egregie

174 1464 312 1523 haec
352 1463 419 1522 in
464 1482 767 1543 praesens
813 1471 1236 1542 argumentum
1282 1462 1609 1544 quadrent.
1702 1483 1739 1522 a
1781 1465 1969 1525 filiolo
2014 1462 2246 1525 blande
2291 1484 2399 1544 pe-

178 1567 260 1624 tiit
296 1574 539 1640 pectora
569 1568 724 1624 dura
763 1581 980 1639 perosa
1010 1567 1225 1630 Idalie,
1271 1573 1339 1624 ut
1367 1565 1699 1625 Acontium
1742 1568 2033 1627 iuvenem
2076 1568 2142 1626 in
2187 1567 2400 1647 paucis

177 1668 536 1728 formonsum
565 1677 754 1748 atque
801 1675 1222 1727 contumacem
1265 1665 1665 1727 ulcisceretur
1706 1668 1925 1749 suique
1970 1669 2149 1747 regni
2192 1676 2400 1747 potes-

176 1778 346 1829 tatem
389 1770 533 1830 huic
582 1768 942 1848 despectam
985 1770 1318 1848 insigniter
1358 1768 1670 1849 probaret.
1734 1769 1899 1829 dicto
1944 1770 2051 1828 ille
2097 1767 2400 1828 obediens

177 1882 282 1931 tam
334 1871 579 1931 fortiter
637 1880 699 1930 et
756 1873 1087 1950 ingeniose
1144 1891 1272 1930 rem
1329 1871 1553 1950 gessit,
1612 1879 1679 1930 ut
1736 1891 1847 1950 pro
1910 1872 2185 1952 quinque
2246 1891 2399 1952 quos

183 1983 358 2034 mater
412 1972 694 2053 pollicita
741 1981 908 2031 esset
954 1973 1168 2032 decem
1229 1974 1387 2033 talos
1445 1980 1735 2052 acceptos
1782 1973 1989 2034 ferret.
2084 1994 2163 2034 en
2207 1959 2402 2034 habes

185 2077 509 2136 machinam
539 2074 832 2134 eroticam
876 2074 1320 2154 posterioribus
1365 2095 1616 2155 prorsus
1664 2083 2039 2135 consuetam.
2100 2096 2172 2134 ac
2218 2077 2403 2136 facile

183 2177 572 2237 Callimachus
620 2195 753 2236 eam
796 2197 926 2236 rem
968 2176 1216 2237 uberius
1265 2177 1615 2256 expingens
1664 2175 2144 2236 domesticae
2190 2196 2401 2237 scae-

182 2299 304 2338 nae
350 2281 658 2360 expressit
698 2279 1066 2357 imaginem,
1116 2279 1361 2359 qualem
1391 2279 1458 2338 in
1492 2277 1713 2339 eodem
1756 2289 2116 2358 argumento
2150 2298 2401 2338 versan-

179 2390 258 2442 tes
285 2380 594 2462 praebent
622 2381 998 2460 Apollonius
1029 2381 1134 2440 ΠΙ
1169 2390 1263 2443 111
1299 2400 1437 2461 sqq.
1484 2389 1547 2441 et
1586 2381 1848 2441 Nonnus
1878 2381 2069 2442 Dion.
2101 2381 2405 2442 XXXIII

180 2493 234 2544 55
274 2504 408 2564 sqq.
476 2491 642 2543 certe
709 2483 848 2543 illas
910 2501 1044 2543 cum
1100 2481 1520 2544 Alexandrini
1582 2492 1709 2543 tum
1778 2501 1924 2543 vero
1993 2482 2401 2544 Callimachus

180 2585 567 2645 vehementer
613 2582 998 2644 adamarunt.
1063 2593 1124 2644 et
1166 2586 1219 2646 is
1262 2583 1511 2665 quidem
1554 2585 1673 2644 huc
1714 2586 1979 2644 maxime
2024 2586 2302 2658 inclinat,
2337 2594 2403 2645 ut

183 2707 244 2746 ea
285 2705 443 2768 quae
489 2686 623 2746 fere
670 2685 840 2767 apud
881 2677 1172 2746 mortales
1226 2687 1390 2746 inter
1436 2687 1707 2765 parietes
1754 2695 2017 2765 agantur
2062 2687 2141 2745 ad
2190 2685 2400 2766 Olym·

182 2809 307 2868 pum
348 2789 702 2850 transferat.
763 2787 958 2848 veluti
1003 2787 1432 2850 celeberrimus
1468 2797 1562 2847 est
1606 2789 1775 2848 locus
1823 2787 1901 2848 de
1932 2787 2236 2848 Mercurio
2270 2795 2401 2846 atro

184 2891 370 2951 cinere
414 2891 643 2966 tincto,
703 2891 809 2972 qui
855 2889 1110 2950 deorum
1154 2890 1440 2971 liberos„
1477 2889 1727 2971 quando
1771 2891 1931 2950 male
1978 2909 2045 2950 se
2091 2898 2400 2969 gererent,

186 2993 463 3070 Μορμοῦς
522 2994 718 3052 instar
772 2992 1318 3072 perterrefaceret,
1377 2993 1444 3052 in
1500 2993 1690 3053 Dian.
1748 3001 1817 3056 66
1844 3013 1999 3074 sqq.
2056 2993 2282 3052 similia
2337 2993 2403 3051 in

185 3095 350 3155 Dian.
394 3103 432 3156 4
476 3115 649 3176 sqq.,
695 3101 764 3157 72
808 3115 979 3175 sqq.,
1031 3103 1132 3157 142
1175 3115 1346 3175 sqq.,
1388 3103 1717 3175 praeterea
1761 3097 1839 3155 cf.
1887 3095 1953 3154 in
1993 3093 2133 3155 Cer.
2164 3101 2234 3156 73
2262 3113 2401 3174 sqq.

186 3197 343 3275 plura
383 3217 536 3258 vero
583 3195 660 3256 ab
692 3196 1029 3276 Apollonio
1061 3197 1102 3256 l.
1136 3215 1184 3256 c.
1232 3205 1300 3256 ut
1342 3217 1535 3277 saepe
1581 3197 1732 3256 alias
1773 3217 1807 3256 e
1840 3195 2215 3256 Callimacho
2263 3215 2403 3256 esse

187 3309 421 3380 sumpta,
468 3301 537 3358 in
579 3299 677 3358 his
721 3299 922 3378 ipsum
967 3297 1174 3359 forsan
1221 3297 1483 3360 talorum
1527 3297 1763 3372 ludum,
1813 3300 1928 3358 etsi
1959 3304 2177 3378 parata
2205 3298 2402 3377 suspi-

188 3400 260 3460 tio
305 3411 424 3473 est,
470 3409 679 3460 tamen
729 3421 960 3480 anceps
1006 3400 1338 3480 admodum
1381 3393 1569 3460 fuerit
1614 3401 1983 3459 coniectura.

335 3505 562 3584 Itaque
591 3503 784 3563 Amor
830 3523 1012 3584 quam
1056 3512 1304 3583 poterat
1348 3503 1645 3562 acerrime
1678 3521 1821 3563 arcu
1852 3510 2144 3574 contento
2179 3504 2403 3563 vulnus

190 3601 634 3664 adulescentulo
689 3604 916 3665 inflixit
969 3625 1098 3664 non
1150 3605 1481 3664 iucundum
1549 3605 1809 3685 amplius
1867 3605 2021 3666 illud
2080 3605 2182 3664 vel
2240 3605 2404 3686 quod

195 3703 385 3766 dicunt
426 3699 874 3785 γλυκύπικρον,
921 3707 1102 3766 immo
1150 3726 1299 3766 vero
1347 3703 1888 3784 acerbissimum.¹)
1979 3707 2218 3766 scilicet
2258 3697 2404 3763 ὅσον

191 3857 572 3886 —.-,.-.-..-

308 3940 351 4008 ¹)
385 3941 622 3994 Mirifico
658 3935 833 3993 modo'
852 3942 996 3994 haec
1031 3957 1141 3994 non
1176 3941 1456 3994 intellexit
1482 3941 1723 4008 Cobetus
1759 3943 1817 3992 in
1853 3957 1954 3993 sua
1977 3940 2402 3991 Aristaeneteas

193 4028 526 4094 paraphrasis
561 4026 893 4092 paraphrasi
931 4043 1052 4079 eum
1089 4027 1161 4078 ad
1195 4025 1358 4078 finem
1396 4028 1719 4093 composita,
1758 4031 1821 4076 ut
1850 4027 1957 4076 hoc
1992 4025 2253 4090 probaret
2276 4039 2405 4088 spe-

193 4111 368 4162 cimine
419 4119 719 4178 arqumenta
770 4119 823 4162 et
863 4113 1124 4164 scribendi
1167 4127 1328 4178 aeuus
1356 4114 1561 4178 puerile
1612 4114 1667 4162 in
1701 4111 1943 4178 Aegypto
1988 4117 2112 4160 nata
2156 4125 2268 4160 csse
2304 4109 2402 4174 (cf.

194 4210 432 4251 mnemos.
465 4197 550 4248 IX
582 4213 637 4263 p.
677 4195 812 4262 150).
884 4213 1013 4248 uam
1063 4197 1146 4248 ita
1200 4198 1455 4262 exprimit
1508 4198 1619 4248 ista
1663 4197 1722 4260 (1.
1762 4211 1809 4246 c.
1858 4212 1911 4262 p.
1951 4193 2096 4259 152):
2156 4196 2211 4245 in
2256 4198 2407 4246 talem

193 4280 326 4343 iyitur
352 4297 567 4346 puerum
591 4280 754 4334 Amor
788 4299 960 4354 arcun}
994 4283 1228 4335 intendit.
1275 4285 1372 4334 sed
1403 4273 1475 4335 οὗ
1508 4279 1750 4348 μετρίως
1788 4323 1800 4336 .
1827 4320 1840 4333 .
1868 4319 1881 4333 .
1918 4272 1989 4331 τὰ
2026 4271 2183 4344 τόξα,
2218 4297 2406 4332 amma

2405 898 2476 939 vn
