2917 4992
1089 338 1514 403 ..97-

337 505 440 573 ὅτι
483 503 597 592 γᾶρ
641 507 744 570 καὶ
791 506 900 571 δύο
945 510 1260 589 συλλαβῶν
1301 498 1605 570 ἀποκοπαὶ
1648 510 1986 590 γίγνονται,
2044 507 2109 570 ἐν
2154 511 2239 596 τῷ
2282 509 2419 594 περὶ
2446 527 2549 570 xvl

153 615 404 674 παθῶν
431 611 697 692 ἐδείχθη.
751 607 821 673 τό
848 633 908 672 τε
951 602 1066 693 γὰρ
1111 605 1348 693 πρόπαρ
1378 607 1567 685 οὕτως
1598 610 1715 692 ἔχει
1746 610 1847 674 καὶ
1875 603 1940 673 τὸ
1969 605 2193 696 μάκαρ,
2236 605 2422 692 πηδά,

156 713 266 776 καὶ
319 711 396 776 τὸ
439 706 623 795 ὖμέν
667 706 830 790 παρὰ
873 708 1256 798 Καλλιμάχῳ.

345 835 637 896 Eandem
707 836 982 896 finalium
1053 834 1428 915 syllabarum
1504 836 1951 899 detractionem
2023 836 2101 896 ab
2164 837 2425 897 Aeolica

160 938 450 998 dialecto
510 939 837 1018 repetitam
906 936 1132 998 docent
1190 946 1402 998 auctor
1462 939 1712 1018 etymol.
1772 959 1850 997 m.
1906 959 1969 1019 p.
2026 947 2161 1014 700,
2232 947 2302 1004 38
2359 948 2425 1000 et

160 1039 544 1100 Eustathius
591 1037 670 1098 ad
702 1039 780 1099 Il.
824 1060 887 1120 p.
921 1045 1042 1114 187,
1089 1047 1176 1102 28.
1249 1058 1464 1100 verum
1508 1047 1789 1120 apparet,
1835 1050 2081 1102 veteres
2125 1059 2422 1119 gramma-

161 1143 334 1201 ticos
381 1141 497 1200 hac
556 1142 622 1201 in
676 1145 745 1200 re
789 1141 978 1201 falsos
1038 1160 1173 1201 esse
1189 1137 1268 1220 ¹).
1359 1151 1421 1201 et
1480 1140 1560 1202 de
1614 1161 1769 1202 voce
1824 1130 1973 1218 ὁμέν
2030 1142 2280 1223 quidem
2324 1163 2422 1202 ac-

167 1243 488 1302 curatiora
563 1241 868 1302 debentur
920 1243 1216 1303 Helladio
1277 1243 1446 1322 apud
1502 1244 1683 1304 Phot.
1740 1243 1891 1303 bibl.
1948 1264 2011 1323 p.
2058 1252 2158 1308 531
2193 1264 2231 1302 a
2258 1243 2421 1304 Bkk.

165 1340 236 1403 τὸ
291 1339 362 1403 δὲ
389 1335 587 1421 μα’καρ
617 1339 682 1402 ἐκ
713 1343 820 1402 τοῦ
848 1334 1138 1423 μακάριος
1167 1336 1597 1420 ἆποκέκοπται,
1644 1337 1839 1424 ὥσπερ
1872 1341 1975 1404 καὶ
2004 1334 2071 1404 τὸ
2114 1334 2424 1423 ὖμέναιε

165 1443 383 1524 γέγονε
428 1432 733 1505 ἆποκοπὲν
775 1433 915 1522 ὑμέ
926 1466 980 1504 ν.
1069 1447 1216 1506 hinc
1261 1466 1396 1507 cum
1441 1447 1837 1522 edoceamur,
1884 1435 2032 1524 ὖμέν
2075 1449 2425 1508 vocativum

168 1550 372 1609 fuisse
417 1547 585 1628 apud
631 1547 1100 1622 Callimachum,
1163 1569 1345 1609 nemo
1392 1548 1722 1622 dubitabit,
1783 1549 1932 1628 quin
1986 1549 2095 1608 ille
2142 1549 2218 1609 ab
2262 1541 2424 1626 ὑμήν

171 1651 386 1730 potius
434 1669 615 1730 quam
659 1649 738 1710 ab
783 1639 1062 1726 ὑμέναιος
1105 1650 1517 1729 grammaticis
1548 1650 1737 1710 fuerit
1768 1649 2146 1710 derivandus
2180 1671 2421 1730 correp-

168 1753 386 1832 tisque
417 1752 744 1830 singularis
773 1753 1072 1812 vocativis
1105 1751 1572 1827 adscribendae,
1608 1752 1823 1833 quales
1850 1751 2143 1812 amabant
2165 1750 2420 1811 Aeoles.

174 1874 312 1912 non
368 1854 490 1913 alia
547 1862 752 1913 autem
807 1874 906 1914 res
963 1874 1002 1912 a
1055 1854 1318 1934 simplici
1372 1855 1636 1914 veritate
1690 1855 1843 1914 istos
1898 1853 2182 1928 abduxit,
2242 1873 2423 1933 quam

177 1953 353 2036 quod
421 1954 834 2016 Callimachus
901 1955 1194 2036 corripuit
1249 1976 1288 2013 υ
1338 1957 1404 2015 in
1465 1946 1643 2032 ὑμέν,
1722 1977 1857 2017 cum
1922 1956 2197 2037 alioquin
2260 1945 2423 2030 ὑμήν

177 2057 450 2134 longam,
497 2046 777 2132 ὑμέναιος
819 2056 1075 2118 brevem
1117 2059 1333 2138 utique
1377 2057 1637 2118 haberet
1678 2059 1955 2137 primam.
2043 2059 2255 2136 itaque
2299 2057 2421 2117 fru-

179 2160 408 2218 stulum
450 2159 607 2219 illud
651 2158 1110 2220 Callimacheae
1158 2159 1440 2221 dictionis
1486 2160 1573 2219 ita
1618 2157 1929 2237 adaugere
1973 2159 2220 2219 licebit:

1387 2268 1563 2355 ’Υμὲν
1608 2260 1655 2336 ὦ
1686 2266 1974 2356 Ὑμέναιε.

185 2417 348 2476 quae
388 2397 746 2458 hexametro
789 2406 940 2477 puta
969 2397 1342 2478 interposita
1379 2398 1589 2458 fuisse.
1666 2407 1728 2456 et
1758 2416 1894 2458 cum
1925 2398 2095 2478 apud
2126 2399 2420 2458 Nonnum

181 2499 358 2557 brevi
401 2519 440 2557 v
481 2499 548 2558 in
575 2487 764 2576 Ὑμήν
795 2499 1172 2561 Callimacho
1217 2508 1467 2560 auctore
1497 2508 1793 2580 usurpata
1805 2495 1855 2578 ²)
1901 2500 2105 2562 haece·
2134 2501 2423 2578 legantur

181 2601 372 2660 Dion.
417 2601 576 2662 XVI
618 2610 722 2666 289
753 2622 893 2684 sqq.

1397 2692 1550 2781 ὑπὲρ
1597 2697 1855 2760 δαπέδου
1901 2698 1965 2762 δὲ
2007 2694 2271 2779 χορεύων

393 2790 652 2882 ἄμπελος
695 2785 1096 2883 ἐσμαράγησεν
1141 2793 1384 2882 6Ὑμὴν
1421 2793 1782 2882 ’Υμέναιε’
1832 2803 2221 2882 λιγαίνων,

396 2900 680 2985 ίἱμερόεις
721 2898 908 2984 γάμος
952 2889 1148 2978 οὗτος’
1199 2895 1467 2984 ὀρεστιᾶς
1510 2903 1640 2983 ἴαχε
1684 2897 1896 2982 πεύκη.

193 3042 392 3102 nescio
435 3062 517 3103 an
563 3041 972 3104 Callimachus
1015 3043 1133 3103 hoc
1175 3043 1622 3103 hemistichium
1662 3043 1975 3104 habuerit:

1397 3149 1599 3239 ίὙμὲν
1642 3144 1689 3219 ὦ
1720 3149 2010 3238 Ὺμέναιε’
2059 3159 2358 3238 λιγαίνων.

197 3277 534 3360 Hesychius
580 3282 746 3341 enim
789 3303 866 3342 ex
908 3282 1122 3361 ignoto
1169 3288 1406 3360 poeta:
1454 3276 1839 3358 λιγαίνων·
1900 3274 2169 3354 μέλπων,
2236 3268 2419 3354 ἡδέως

198 3367 407 3455 ὑμνῶν.
492 3383 718 3462 supple
762 3378 935 3462 χορός
982 3370 1286 3462 (ἠιθέων).
1308 3377 1361 3460 ³)
2106 3409 2115 3418 ·

325 3617 364 3682 ¹)
398 3620 482 3672 Of.
509 3619 855 3670 Lobeckium
879 3618 1079 3686 parall.
1104 3635 1157 3685 p.
1186 3621 1282 3670 119
1307 3633 1408 3684 sq.,
1435 3618 1766 3669 Ahrensium
1790 3616 1858 3668 de
1884 3616 2015 3668 dial.
2042 3617 2196 3670 Aeol.
2221 3634 2277 3683 p.
2298 3617 2416 3668 108.

323 3701 363 3768 ²)
397 3704 645 3756 Eandem
680 3705 812 3754 huic
846 3706 973 3756 voci
998 3719 1308 3755 mensuram
1337 3708 1393 3754 et
1416 3704 1611 3755 Latini
1636 3702 1843 3769 passim
1868 3707 2069 3769 poetae
2096 3707 2153 3753 et
2177 3703 2415 3752 fortasse

205 3785 474 3853 Euripides
510 3789 713 3840 Troad.
751 3792 850 3842 331
890 3790 1172 3841 adhibent.

323 3871 364 3936 ⁸)
397 3875 556 3926 Haec
591 3877 880 3940 postquam
919 3874 1220 3940 perscripsi
1264 3873 1378 3925 vidi
1401 3872 1745 3924 Lobeckium
1781 3873 1841 3920 in
1875 3869 2230 3937 pathologiae
2255 3874 2414 3935 parte

210 3953 369 4008 altera
401 3975 573 4025 nuper
611 3959 900 4010 admodum
938 3959 1088 4009 edita
1121 3975 1176 4024 p.
1206 3959 1305 4010 313
1329 3973 1412 4023 sq.
1450 3959 1517 4008 de
1558 3958 1750 4007 eodem
1783 3955 1911 4007 loco
1948 3954 2115 4005 aliter
2146 3954 2412 4004 iudicare.

210 4040 296 4090 sed
327 4043 459 4093 nihil
494 4043 559 4094 de
597 4044 737 4094 meis
771 4043 1091 4095 mutandum
1123 4043 1436 4095 videbatur.
1500 4055 1734 4106 namque
1770 4045 1833 4090 ut
1868 4038 1983 4090 alia
2019 4039 2255 4102 mittam,
2292 4054 2416 4088 cum

211 4120 330 4175 dicit
360 4127 451 4178 ille
489 4129 818 4180 Callimachus
852 4135 1016 4180 autem
1065 4129 1295 4192 fortasse
1341 4135 1501 4178 metro
1546 4125 1826 4192 obsequens
1868 4125 2079 4188 scripsit
2111 4114 2283 4190 Ὑμὲν
2320 4111 2417 4173 ἴθ’

211 4193 251 4254 ⁰3
280 4199 528 4276 Ὑμέναιε
572 4215 746 4264 ultima
791 4222 1037 4278 correpta
1081 4220 1264 4264 contra
1305 4215 1531 4278 regulam
1576 4213 1820 4285 nominum
1866 4215 2203 4275 oxytonorum
2244 4210 2298 4259 in
2342 4223 2417 4274 ην

213 4299 496 4364 exeuntium,
535 4314 718 4350 errore
754 4298 1050 4350 manifesto
1087 4297 1192 4349 hoc
1217 4297 1621 4364 praetermisit,
1661 4295 1803 4362 quod
1828 4293 2173 4361 grammatici
2196 4299 2418 4345 veteres

275 4394 524 4448 murum,
564 4401 796 4436 cunm.
1972 4378 2008 4444 7
