2917 4992
1393 343 1819 438 ss-52-

488 520 678 593 lerat,
726 519 848 576 iam
879 519 1078 597 ipsum
1107 517 1624 596 Erysichthoncm
1658 515 1952 596 Cecropis
1980 516 2169 576 filium
2200 518 2501 578 theoriam
2530 518 2703 577 Athe

489 621 796 680 niensium
837 619 1064 680 Delum
1113 618 1467 679 deduxisse.
1494 615 1543 695 ¹)
1634 626 1821 698 atque
1864 620 1929 677 in
1978 619 2225 680 Solonis
2272 619 2509 698 legibus
2554 640 2733 678 men-

487 722 723 782 tionem
768 722 960 781 fuisse
1005 721 1228 780 factam
1271 703 1687 781 Deliastarum
1732 720 2095 781 Athenaeus
2127 720 2220 782 VI
2262 742 2325 801 p.
2356 729 2461 784 234
2504 742 2538 780 c
2580 743 2733 802 prof

490 823 601 884 dit.
627 821 680 902 2>
741 843 862 882 nec
904 823 1118 881 mirum
1162 842 1312 882 vero
1361 830 1482 896 est,
1531 822 1870 882 fabularem
1914 823 2229 883 historiam
2258 823 2516 883 saeculis
2561 823 2736 881 ultra

484 927 684 1005 ipsam
741 925 962 984 Ionum
1019 925 1447 1002 migrationem
1502 925 1747 984 remotis
1799 925 2091 984 Deliacos
2148 933 2491 984 conventus
2536 933 2734 1004 atque

484 1026 984 1095 Atheniensium*
1005 1025 1115 1084 illa
1157 1026 1521 1086 commercia
1564 1027 1825 1086 Deliaca
1870 1021 2347 1105 adscripsisse.3)

658 1128 881 1207 Itaque
927 1126 1006 1186 ad
1052 1127 1407 1207 panegyrin
1452 1127 1775 1186 Deliacam
1832 1126 2269 1186 celebrandam
2313 1126 2617 1187 Acontius
2668 1135 2735 1186 et

488 1225 847 1310 Cydippa4)
893 1229 962 1286 in
1005 1247 1239 1288 sacram
1282 1229 1549 1288 insulam
1595 1237 1772 1289 erant
1801 1229 2083 1308 profecti.
2147 1249 2307 1309 quae
2339 1230 2735 1289 confirmatur

488 1351 734 1411 quoque
764 1331 1022 1410 suspitio
1055 1350 1189 1389 cum
1213 1333 1500 1406 festorum
1530 1339 1797 1391 extorum
1826 1332 2144 1392 mentione
2168 1351 2268 1411 ep.
2294 1331 2461 1390 XXI
2479 1339 2564 1404 94,
2597 1339 2735 1390 tum

487 1432 875 1492 Aristaeneti
915 1431 1088 1490 hisce
1131 1431 1370 1492 verbis:
1430 1421 1470 1507 ἡ
1516 1427 1579 1492 δὲ
1624 1430 2005 1511 (θεραπαίνη)
2061 1423 2126 1491 τὸ
2171 1429 2424 1510 μέγεθος
2466 1428 2569 1490 καὶ
2614 1422 2735 1508 τὴν

483 1523 696 1612 χροιάν
725 1533 1162 1611 καταπλαγεῖσα
1188 1523 1537 1611 ἀνήρπασεν
1564 1520 1688 1611 ἅμα
1719 1533 2087 1614 διαποροῦσα
2106 1581 2123 1609 .‚
2167 1533 2277 1606 τίς
2318 1525 2458 1614 ἄρα
2498 1533 2682 1592 τοῦτ
2700 1553 2734 1592 ο

485 1624 570 1710 (τό
612 1634 822 1710 μῆλον)
879 1635 1023 1694 τῶν
1081 1632 1491 1712 παρθένων
1546 1632 1833 1717 μετέωρος
1872 1626 2130 1714 ἀπέβαλε
2181 1635 2290 1694 τοῦ
2332 1635 2731 1715 προκολπίου.

487 1746 551 1796 et
607 1737 912 1797 Acontius
961 1736 1159 1798 Ceus
1220 1758 1292 1798 eo
1351 1739 1725 1799 commodius
1778 1739 2141 1799 narrabatur
2182 1739 2371 1800 Delia
2424 1759 2735 1819 praesens

488 1838 715 1898 obiisse
738 1884 752 1911 ,
805 1860 924 1919 quo
971 1839 1158 1899 artius
1205 1860 1516 1899 sacrorum
1560 1842 1986 1901 communione
2034 1840 2145 1901 Cei
2191 1842 2499 1900 coniuncti
2548 1850 2737 1900 erant

487 1961 622 1999 cum
651 1940 798 1999 Deli
841 1941 1080 2000 incolis.
1142 1961 1285 2000 nam
1327 1942 1643 2022 proprium
1686 1944 1825 2002 illos
1870 1943 2213 2003 instituisse
2246 1942 2507 2003 Ceorum
2534 1939 2733 2000 ἑστια-

484 2034 710 2120 τόριον,
759 2041 925 2121 quod
971 2061 1167 2120 prope
1211 2042 1411 2121 ipsum
1440 2044 1836 2104 Artemisium
1879 2045 2092 2118 fuerit,
2134 2045 2493 2105 Herodotus
2543 2045 2737 2105 docet

483 2144 578 2205 IV
621 2151 709 2205 35.
757 2143 835 2202 cf.
882 2142 1428 2205 Broendstedtium
1472 2146 1707 2206 Reisen
1752 2147 1783 2204 I
1828 2167 1890 2225 p.
1936 2154 2005 2208 48
2049 2166 2141 2226 sq.
2156 2143 2207 2224 5)

653 2244 948 2325 Denique
993 2265 1075 2304 ne
1123 2245 1272 2325 quid
1331 2247 1495 2306 desit
1538 2247 1617 2306 ad
1670 2248 1954 2307 fiduciam
1999 2249 2386 2308 coniecturae
2432 2269 2735 2309 summam

494 2345 890 2404 excitandam
947 2347 1095 2405 facit
1153 2348 1282 2407 eius
1326 2348 1522 2427 ipsius
1569 2349 1779 2409 aetion
1824 2349 1994 2424 libri,
2055 2351 2150 2408 cui
2192 2352 2486 2410 insertam
2530 2351 2735 2412 fuisse

495 2445 828 2527 Cydippae
892 2448 1154 2525 elegiam
1197 2449 1523 2528 postmodo
1567 2450 1944 2526 videbimus,
1991 2453 2109 2510 hoc
2152 2453 2269 2531 frg.
2316 2474 2354 2512 a
2400 2453 2735 2532 Stephano

488 2549 642 2628 Byz.
689 2569 738 2608 s.
785 2568 845 2607 v.
897 2547 1094 2624 Δῆλος
1139 2559 1448 2610 servatum
1498 2551 1593 2630 (30
1636 2550 1906 2631 Bentl.):

385 2733 485 2774 vm
556 2697 659 2760 καὶ
698 2701 1052 2777 Δηλίτης,
1083 2693 1116 2760 ὁ
1147 2701 1228 2774 εἰς
1265 2702 1467 2778 Δῆλον
1498 2697 1805 2782 ἐρχόμενος
1835 2698 2025 2783 χορός,
2058 2706 2427 2784 Καλλίμαχος
2456 2705 2657 2788 τρίτῳ.

658 2853 810 2914 C'um
857 2853 1151 2935 Cydippa
1205 2865 1400 2916 mater
1451 2866 1639 2938 atque
1692 2859 1901 2918 nutrix
1942 2879 2069 2918 una
2111 2859 2231 2919 iter
2273 2861 2528 2920 faciunt.
2622 2881 2735 2921 cur

621 3122 668 3188 ¹)
731 3122 817 3174 cf.
853 3123 1195 3176 Boeckhium
1242 3127 1514 3176 Abhandl.
1566 3127 1616 3180 d.
1653 3127 2174 3205 historisch-philos.
2212 3129 2301 3184 Kl.
2341 3131 2391 3180 d.
2430 3130 2576 3180 Berl.
2615 3131 2730 3182 Ak.

489 3209 622 3258 1834
656 3224 709 3274 p.
745 3211 777 3258 2
815 3223 914 3274 sq„
954 3209 1015 3262 C.
1051 3211 1118 3260 F.
1157 3211 1535 3262 Hermannum
1572 3211 1637 3261 de
1677 3213 1891 3264 theoria
1926 3215 2165 3264 Deliaca
2199 3233 2251 3280 p.
2286 3217 2337 3266 4.

619 3307 662 3372 ²)
715 3309 798 3362 cf.
835 3311 1181 3361 Boeckhium
1229 3312 1616 3364 Staatshaush.
1653 3316 1709 3365 II
1744 3332 1798 3381 p.
1836 3316 1931 3378 81,
1980 3316 2043 3368 C.
2079 3317 2142 3369 F.
2179 3317 2553 3366 Hermannum
2588 3316 2639 3367 1.
2680 3336 2735 3369 c.

485 3409 538 3458 p.
573 3394 625 3455 4,
663 3395 744 3443 12.
1930 3411 1936 3416 ·
2332 3403 2337 3406 ·

619 3492 662 3558 ³)
717 3495 1001 3547 Hoeckius
1037 3497 1073 3546 1.
1113 3514 1159 3548 c.
1199 3499 1257 3549 ΙΙ
1293 3515 1344 3564 p.
1384 3501 1510 3550 131:
1548 3501 1659 3550 Der
1694 3501 1934 3559 Antheil,
1969 3504 2190 3554 weleken
2226 3503 2385 3554 durch
2421 3504 2503 3552 die
2538 3503 2734 3556 Ionier

484 3579 657 3628 Athen
692 3596 760 3628 an
795 3581 890 3630 der
929 3581 1235 3647 Grzcenduny
1270 3585 1362 3633 des
1397 3585 1787 3649 Apollo-Cultus
1823 3586 1923 3648 auf
1936 3587 2093 3637 Delos
2126 3588 2281 3651 hatte,
2318 3587 2517 3651 sprickt
2536 3589 2651 3638 sicle
2678 3592 2734 3639 in

484 3665 594 3713 dem
630 3664 891 3714 Interesse
927 3681 1044 3723 aue,
1087 3667 1302 3717 welche-s·
1345 3671 1663 3734 vorzueyliclz
1694 3671 1824 3732 jene
1860 3671 2014 3720 Stadt
2058 3689 2126 3722 an
2170 3675 2342 3722 dieser
2376 3672 2522 3739 Ins-el
2555 3673 2729 3723 nahm.

483 3749 562 3798 Es
605 3748 816 3813 schlany
857 3749 966 3798 sicle
1009 3751 1108 3798 seit
1149 3753 1245 3800 der
1283 3753 1730 3804 Neleidenlcolonie
1776 3748 1859 3804 ein
1894 3755 2055 3806 Band
2086 3773 2163 3804 um
2200 3757 2371 3806 Athen
2406 3759 2511 3806 und
2544 3757 2733 3815 Delo&

482 3833 696 3883 welches
732 3834 827 3882 der
861 3834 1072 3898 Mythos
1106 3836 1305 3898 jedoelz
1349 3837 1481 3886 nach
1524 3853 1655 3902 ,qauz
1698 3840 2098 3902 ¹‹Jewoelmliclzer
2134 3841 2490 3905 Erselzeinuny
2532 3842 2586 3890 in
2626 3844 2735 3892 das

482 3933 642 3981 yraue
679 3918 966 3967 Alter-thum
999 3920 1188 3983 hinauf'
1212 3923 1420 3985 verleyt.

617 4017 660 4081 4)
709 4020 829 4070 Non
873 4025 1147 4084 repugnat
1194 4037 1278 4086 ep.
1319 4022 1449 4071 XXI
1496 4025 1559 4072 77
1603 4032 1737 4075 mota
1782 4027 1883 4075 loci
1919 4026 2062 4088 fama
2104 4027 2449 4090 properabam
2496 4042 2545 4079 e.
2582 4043 2639 4092 q.
2681 4045 2728 4079 s,

483 4101 578 4150 ubi
617 4117 816 4153 caussa
855 4105 1160 4170 explicatur
1195 4107 1599 4172 impatientiae,
1639 4125 1750 4159 non
1785 4111 2021 4160 itineris,

619 4199 660 4264 ⁵)
707 4204 988 4254 Paeanem
1034 4206 1378 4282 aliquemlin
1433 4225 1587 4259 usum
1646 4211 1900 4261 theoriae
1948 4212 2221 4262 Deliacae
2270 4211 2397 4261 Ceis
2444 4212 2730 4263 Pindarus

485 4288 906 4351 conscripserat.
957 4305 1009 4341 v·
1048 4291 1152 4355 frg.
1192 4294 1257 4341 64
1295 4298 1351 4342 et
1385 4295 1450 4343 65
1486 4295 1629 4358 ng.
