2917 4992
1345 319 1809 384 -156-

696 497 1046 575 neglectam
1090 495 1363 576 queritur
1405 496 1583 554 testis
1626 492 1858 553 habere
1899 492 2105 554 fidem.

469 608 573 663 235
619 607 682 658 et
727 597 878 658 deus
922 599 1038 657 hoc
1079 606 1283 670 vateS,
1329 596 1446 656 hoc
1493 604 1555 654 et
1596 615 1735 654 mea
1780 596 2051 654 carmina.
2097 594 2341 654 dicunt:

696 719 734 758 a
780 699 1006 759 desunt
1045 706 1192 758 voto
1239 698 1494 758 numina
1536 696 1709 756 nulla
1751 697 1887 755 tuo!

609 800 779 860 unde
822 800 935 860 tibi
980 800 1158 859 favor
1200 798 1344 858 hic?
1403 799 1526 857 nisi
1571 796 1738 878 quod
1782 816 1951 857 nova
1994 798 2155 856 forte
2202 805 2514 877 repertast

698 922 860 983 quae
904 903 1110 980 capiat
1153 919 1410 979 magnos
1455 899 1664 959 littera
1705 899 1873 958 lecta
1914 898 2085 958 deos.

607 1014 796 1084 teque
841 1011 1098 1064 tenente
1147 1001 1298 1062 deos
1344 1020 1572 1061 numen
1617 1020 1844 1081 sequor
1886 1002 2025 1080 ipsa
2068 999 2322 1060 deorum

465 1114 572 1168 240
700 1105 904 1185 doque
949 1103 1150 1164 libens
1199 1105 1390 1162 victas
1433 1103 1502 1161 in
1545 1111 1652 1162 tua
1693 1111 1841 1162 vota
1882 1121 2117 1161 manus.

606 1207 896 1287 fassaque
942 1225 1072 1265 sum
1114 1205 1292 1263 matri
1337 1203 1641 1283 deceptae
1684 1203 1943 1263 foedera
1988 1204 2237 1281 linguae

690 1307 922 1367 lumina
962 1307 1086 1368 fixa
1129 1315 1352 1369 tenens
1397 1306 1589 1384 plena
1634 1304 1887 1384 pudoris
1932 1304 2132 1364 humo·

608 1417 814 1468 cetera
858 1427 1002 1467 cura
1043 1414 1227 1466 tuast.
1287 1407 1426 1485 plus
1471 1406 1589 1466 hoc
1635 1425 1880 1487 quoque
1923 1406 2169 1484 virgine
2213 1405 2470 1478 factum,

694 1529 821 1568 non
864 1509 1065 1568 timuit
1107 1516 1308 1567 tecum
1355 1507 1523 1588 quod
1565 1521 1706 1567 mea·
1748 1508 1960 1567 charta
2002 1508 2194 1587 loqui.

466 1620 568 1673 245
612 1610 734 1670 iam
777 1610 924 1670 satis
968 1609 1279 1670 invalidos
1325 1610 1559 1669 calamo
1602 1609 1965 1669 lassavimus
2012 1617 2177 1668 artus

693 1719 755 1770 et
795 1730 1010 1770 manus
1059 1711 1324 1771 officium
1366 1711 1613 1790 longius
1660 1729 1849 1788 aegra
1895 1718 2103 1788 negat.

607 1812 785 1893 quid,
833 1813 953 1874 nisi
999 1812 1166 1893 quod
1211 1813 1390 1891 cupio
1434 1832 1533 1872 me
1577 1813 1699 1872 iam
1743 1813 2119 1890 coniungere
2163 1820 2393 1886 tecum,

687 1921 908 1988 restat,
954 1922 1023 1973 ut
1066 1911 1377 1974 adscribat
1417 1913 1628 1974 littera
1670 1924 1883 1974 nostra
1930 1914 2154 1973 ‘vale’.

596 2165 650 2201 ν.
690 2149 790 2200 235
824 2149 918 2200 hoc
953 2150 1077 2199 deus
1111 2155 1164 2198 et
1196 2154 1336 2198 vates
1365 2148 1418 2202 L
1442 2164 1506 2213 v,
1544 2155 1594 2199 et
1629 2150 1753 2199 deus
1787 2149 1881 2199 hoc
1914 2155 2057 2200 vates
2090 2148 2461 2209 Burmannus,
2500 2148 2600 2212 qui
2645 2149 2727 2198 si-

462 2233 573 2283 mul
604 2233 852 2283 malebat
872 2233 992 2283 mihi
1011 2235 1255 2286 carmina.
1288 2234 1384 2284 hoc
1406 2235 1547 2292 dem,
1573 2234 1846 2292 hocvates,
1872 2233 1966 2284 hoc
1990 2235 2130 2284 edita
2151 2235 2377 2282 carmina
2396 2231 2724 2286 Bentleius.

464 2322 524 2368 at
558 2325 608 2368 et
641 2335 751 2368 mea
784 2319 1011 2368 camina
1043 2332 1154 2366 non
1191 2318 1624 2380 attrectandum,
1672 2319 1815 2382 quod
1860 2317 2113 2382 argutule
2150 2317 2354 2366 dictum
2390 2317 2725 2382 signifieat:

461 2400 607 2450 idem
633 2417 736 2465 ego
760 2402 1054 2452 vaticinor.
1090 2426 1152 2436 —
1188 2417 1240 2452 v,
1278 2402 1379 2452 236
1415 2410 1473 2452 at
1506 2404 1689 2452 desunt
1723 2403 1768 2450 L
1794 2417 1848 2466 v,
1885 2419 1948 2452 ac
1984 2404 2167 2453 desunt
2196 2401 2465 2463 Handius,
2504 2402 2571 2451 ah
2618 2405 2722 2454 de-

460 2492 578 2535 sunt
613 2483 917 2551 Crispinus.
987 2487 1212 2535 carmina
1245 2488 1381 2535 nulla
1417 2487 1465 2536 L
1488 2502 1549 2549 v,
1597 2487 1796 2552 scripsi
1832 2489 2029 2537 numina
2063 2489 2215 2537 nulla.
2262 2511 2329 2520 -
2374 2501 2425 2536 v.
2464 2488 2564 2537 237
2614 2489 2728 2538 nist·

457 2570 599 2632 forte
635 2585 765 2619 nova
798 2575 1011 2634 reperta
1045 2576 1123 2619 est
1156 2583 1211 2618 v.
1260 2595 1324 2606 -
1378 2585 1431 2620 v.
1469 2573 1569 2621 239
1604 2573 1701 2621 deo
1736 2585 1787 2621 v·
1848 2587 2024 2621 nomen
2056 2587 2246 2636 sequar
2280 2571 2355 2633 L,
2402 2587 2585 2622 nomen
2628 2589 2724 2623 se-

462 2669 590 2718 quor
624 2668 684 2714 v,
733 2669 910 2704 numen
954 2653 1282 2704 Bersmanni
1330 2653 1502 2703 editio
1550 2655 1608 2703 in
1654 2655 1918 2722 margine.
1990 2662 2130 2705 vetus
2174 2654 2303 2704 liber
2336 2651 2434 2720 .(‘?)
2475 2654 2721 2718 ‘paca-22

455 2743 580 2801 puto
629 2736 834 2801 ‘partes
877 2735 1091 2804 sequor’
1139 2737 1423 2788 Heinsius.
1462 2736 1640 2788 'idem
1686 2740 1793 2789 coi.
1837 2738 2153 2802 Bentleius,
2201 2738 2374 2789 facile
2419 2742 2599 2788 recte.
2649 2767 2721 2776 —

459 2836 512 2871 v.
549 2820 650 2870 242
695 2827 833 2871 tenet
865 2821 912 2870 L
937 2837 997 2880 v,
1046 2830 1220 2873 tenens
1256 2822 1539 2872 Heinsius.
1611 2823 1743 2873 humi
1781 2822 1944 2873 idem.
1993 2850 2057 2860 —
2111 2840 2165 2872 v.
2201 2823 2304 2873 244
2346 2829 2494 2874 carta
2529 2823 2601 2874 L.
2644 2851 2723 2861 —
2788 2876 2803 2882 ,

457 2921 509 2955 v.
547 2906 647 2955 247
683 2907 783 2955 nisi
815 2907 963 2970 cupio
998 2906 1117 2954 mihi
1147 2907 1245 2954 iam
1279 2908 1573 2971 concingere
1609 2923 1659 2960 v.
1697 2931 1765 2941 -
1798 2921 1851 2958 v.
1887 2907 1987 2957 248
2022 2908 2254 2958 ascribas
2287 2922 2338 2960 V.
2407 2914 2463 2957 ut
2497 2909 2724 2959 adscri-

459 2987 547 3038 bat
581 2990 755 3039 littera
789 2991 1002 3040 nostra?
1035 2992 1149 3040 vale
1183 2988 1368 3054 vulgo.
1441 2991 1733 3042 emendavi
1770 2991 2287 3057 interpunctionem.
