2917 4992
1377 367 1460 376 ..
1546 327 1633 394 90
1714 365 1798 376 .-

472 509 664 564 νείιιῑὶί
717 507 1018 580 Antipater
1067 509 1126 563 in
1179 507 1350 564 Anth.
1407 507 1531 562 Pal.
1588 505 1685 562 IX
1723 511 1795 566 66
1848 491 1950 573 τοὶς
2004 493 2345 578 μελιφώνου
2390 502 2712 579 Σαπφοῦς,

473 605 870 685 μελίφθογγοι
900 607 1148 666 Μοῦσαι
1189 615 1318 664 sunt
1358 625 1452 680 ap.
1484 609 1723 672 Pindar.
1760 607 1840 664 Ol.
1886 606 1974 664 VI
1998 610 2096 664 36.
2156 607 2443 684 quocirca
2471 607 2709 684 Bergki

474 708 756 788 improbo
789 709 1162 768 sententiam
1194 709 1597 788 Sapphonem
1628 707 1859 767 dixisse
1888 701 2334 783 μελλιχόφωνοι.
2366 728 2510 768 nam
2538 708 2711 767 idem

474 813 527 870 si
560 810 654 868 dis
685 811 891 890 placet
924 811 1136 870 dixere
1163 809 1418 888 Sappho
1444 809 1855 868 Philostratus
1878 807 2329 882 Aristaenetus,
2362 808 2712 885 μελίφωνοι.

475 932 547 971 ae
602 911 852 971 videtur
909 913 1016 970 illa
1078 911 1156 970 de
1224 912 1448 990 puellis
1517 909 1879 970 canentibus
1942 911 2103 970 hanc
2166 931 2385 972 vocem
2453 920 2515 970 et
2568 913 2713 990 ipsa

472 1031 836 1092 usurpasse,
894 1021 1042 1093 puto
1086 1014 1154 1072 in
1215 1014 1422 1092 aliquo
1481 1012 1905 1092 epithalamio,
1964 1032 2123 1091 quae
2171 1021 2233 1072 et
2275 1013 2463 1072 multa
2507 1012 2585 1072 ab
2636 1025 2714 1072 ea

475 1116 814 1195 composita
861 1135 998 1175 esse
1045 1122 1106 1174 et
1149 1115 1487 1194 praecipua
1532 1114 1729 1192 gloria
1772 1115 2051 1174 floruisse
2097 1121 2357 1174 constat.

643 1253 774 1310 Ista
818 1259 1021 1310 autem
1066 1251 1513 1330 paraphrastae
1568 1249 1635 1308 in
1691 1250 2029 1310 inserenda
2073 1249 2359 1330 Sapphus
2413 1252 2715 1310 memoria

473 1343 1220 1432 infidelitas'vanitasque
1265 1372 1379 1411 nos
1427 1351 1737 1425 admonet,
1783 1359 1851 1410 ut
1897 1351 2349 1411 diffidentiores
2393 1353 2515 1410 iam
2558 1353 2715 1412 facti

471 1463 662 1514 totam
709 1455 1082 1514 sententiam
1141 1454 1586 1526 examinemUS,
1652 1453 1747 1512 cui
1801 1453 1912 1512 illa
1965 1454 2227 1512 inservit
2283 1453 2709 1514 exornandae.

477 1563 539 1616 et
583 1556 861 1634 profecto
923 1575 998 1614 ea
1055 1563 1148 1614 est
1203 1555 1535 1633 suspitiosa
1590 1563 1657 1613 ut
1702 1574 1862 1634 quae
1919 1555 2199 1614 maxime.
2292 1554 2439 1634 quid
2498 1555 2713 1614 enim?

473 1657 888 1738 hymenaeum
933 1657 1054 1715 iam
1099 1657 1455 1726 cecinerant
1484 1656 1759 1734 virgines
1807 1663 1953 1714 ante
1983 1654 2321 1715 cubiculum
2353 1655 2709 1736 Cydippae,

475 1760 757 1818 nimirum
804 1779 938 1817 cum
981 1778 1210 1838 sponso
1240 1758 1347 1816 illo
1394 1778 1431 1816 a
1460 1756 1821 1837 parentibus
1856 1757 2164 1817 destinato
2199 1757 2712 1818 concumbentis?

473 1861 723 1920 minime
766 1880 936 1919 vero.
1025 1860 1142 1919 hoc
1194 1861 1395 1939 ipsum
1451 1860 1647 1932 enim,
1716 1868 1783 1918 ut
1837 1879 1919 1918 ne
1968 1858 2261 1938 Cydippa
2314 1868 2493 1938 rupto
2546 1861 2711 1919 iure-

473 1961 734 2021 iurando
766 1962 928 2021 illius
959 1981 1112 2020 uxor
1138 1962 1331 2034 fieret,
1378 1959 1587 2020 morbo
1622 1969 1717 2020 est
1746 1981 1783 2019 a
1816 1960 1935 2020 dea
1980 1968 2240 2019 cautum.
2301 1959 2715 2022 cantabantur

474 2084 626 2123 sane
662 2063 995 2170 hymenaei
1043 2063 1227 2122 etiam
1272 2071 1418 2122 ante
1464 2061 1723 2142 primum
1768 2060 2155 2121 concubitum
2198 2082 2311 2141 per
2355 2063 2712 2141 nuptiarum

475 2135 971 2226 sollemnitatem.
993 2160 1044 2241 1)
1135 2164 1244 2224 sed
1300 2163 1377 2224 ab
1437 2163 1849 2223 Aristaeneto
1895 2163 2354 2242 epithalamium
2422 2163 2713 2224 denotari

475 2275 756 2348 apparet.
848 2286 919 2325 ac
963 2287 1044 2326 ne
1097 2274 1305 2346 potest
1347 2266 1434 2324 ita
1495 2265 1744 2346 quidem
1820 2285 2075 2340 errasse,
2121 2273 2190 2324 ut
2248 2265 2494 2326 diversa
2550 2266 2715 2326 haec

472 2369 955 2450 hymenaeorum
999 2387 1232 2446 genera
1276 2367 1647 2432 confuderit.
1721 2388 1864 2426 nam
1906 2365 2164 2427 Ovidius
2209 2368 2375 2428 XXI
2416 2375 2485 2431 43
2513 2389 2660 2450 sqq.

779 2519 1011 2578 cumque
1053 2505 1170 2560 dies
1211 2507 1363 2560 caris
1403 2510 1598 2578 optata
1631 2505 1969 2578 parentibus
2010 2507 2258 2574 instat,

878 2607 1196 2665 immodicus
1229 2608 1453 2680 pariter
1496 2609 1751 2680 corporis
1793 2608 1970 2664 ardor
2016 2607 2187 2666 adest.

779 2711 832 2766 ei
869 2709 1030 2766 mihi!
1073 2710 1390 2782 coniuyii
1429 2715 1695 2782 tempus
1739 2709 2058 2766 crudelis
2101 2711 2457 2783 adipsum

878 2811 1236 2883 Persephone
1277 2816 1501 2868 nostras
1534 2812 1725 2884 pulsat
1766 2811 1970 2868 acerba
2010 2810 2169 2883 fores
2181 2804 2257 2886 2).

474 2959 654 3020 vides
685 2961 870 3038 igitur
903 2959 1341 3020 Callimachum
1369 2959 1580 3020 morbo
1613 2969 1956 3041 correptam
1977 2961 2327 3041 prodidisse
2353 2961 2710 3042 Cydippam

475 3070 656 3122 ante
700 3063 1051 3142 nuptiarum
1097 3062 1289 3136 diem,
1347 3063 1460 3122 sed
1519 3061 1796 3122 omnibus
1844 3063 1925 3122 ad
1981 3064 2230 3143 nuptias
2274 3065 2395 3124 iam
2451 3067 2707 3143 paratiS,

473 3165 654 3225 immo
703 3165 887 3224 etiam
929 3163 1443 3224 sollemnitatibus
1500 3165 1623 3224 iam
1676 3164 1977 3225 incohatis
2036 3162 2380 3244 oblatisque
2440 3166 2708 3226 fortasse

473 3263 827 3344 προτελείοις
873 3266 974 3325 vel
1017 3265 1420 3344 προγαμείοις,
1465 3275 1533 3325 ut
1556 3271 1732 3340 pallia
1776 3286 1836 3326 v.
1882 3274 1981 3328 170
2024 3267 2386 3326 sollemnem
2417 3269 2711 3327 vestitum

471 3368 750 3427 indicare
814 3368 1165 3428 videantur.
1262 3369 1384 3428 iam
1447 3369 1563 3428 hos
1621 3387 1869 3450 quoque
1929 3369 2076 3427 mihi
2133 3368 2458 3428 considera
2516 3368 2708 3430 Ovidi

473 3489 687 3529 versus
731 3469 772 3528 l.
821 3487 870 3528 c.
921 3477 1242 3533 155—168:

775 3622 906 3661 nam
949 3621 1128 3679 quare
1167 3609 1414 3680 quotiens
1454 3609 1682 3664 socialia
1724 3623 1895 3663 sacra
1929 3614 2235 3679 parantur,

875 3713 1153 3780 nupturae
1198 3711 1392 3766 totiens
1434 3710 1696 3782 lanyuida
1740 3709 1984 3765 membra
2026 3711 2273 3766 cadunt?

608 4007 648 4074 ¹)
685 4009 843 4075 Apud
865 4008 1095 4060 Hesiod.
1121 4013 1258 4060 scut.
1285 4012 1385 4062 273
1419 4009 1761 4074 hymenaeus
1796 4009 2037 4072 canitur,
2076 4009 2203 4058 dum
2238 4010 2394 4076 virgo
2434 4010 2505 4060 ad
2540 4025 2706 4076 spon-

475 4107 591 4142 sum
628 4093 858 4146 ducitur.
931 4095 1007 4144 cf.
1043 4095 1112 4144 de
1151 4110 1219 4144 ea
1254 4111 1312 4144 re
1347 4095 1719 4159 Hartungium
1756 4093 1941 4158 philol.
1978 4095 2062 4143 III
2097 4109 2149 4158 p.
2186 4095 2313 4156 238,
2364 4093 2425 4147 C.
2463 4095 2526 4144 F.
2566 4095 2707 4145 Her-

421 4233 424 4236 *
475 4192 732 4228 mannum
768 4195 847 4244 gr.
885 4177 1303 4229 Privatalterth.
1341 4180 1371 4240 ξ
1407 4181 1490 4238 31,
1530 4179 1612 4228 15.

608 4275 652 4339 ²)
687 4278 750 4330 V.
785 4280 852 4330 45
889 4280 1177 4332 emendavi
1210 4277 1472 4330 librorum
1508 4279 1835 4345 scripturam
1868 4287 1921 4330 et
1954 4281 2071 4331 mila·
2105 4281 2341 4344 coniugii.
