2917 4992
1067 363 1492 429 ...83-

151 540 448 620 cupiisse,
494 549 562 599 ut
605 539 868 617 singulis
912 539 1078 598 foliis
1109 539 1218 598 illa
1246 539 1543 618 inscripta
1571 540 1899 618 legeretur.
1970 549 2033 600 et
2060 538 2396 602 admonere

149 643 218 700 in
265 650 564 721 promptu
607 650 702 701 est
742 639 1006 718 γραπτοῖς
1047 627 1386 716 ὑακίνθου,
1429 649 1498 700 ut
1542 643 1630 700 ait
1659 641 2021 702 Theocritus
2051 644 2117 701 X
2150 651 2246 716 28,
2292 645 2399 703 vel

151 733 570 819 πολυθρήνου,
613 750 681 800 ut
723 739 1042 802 Nicander
1085 741 1242 802 ther.
1287 750 1412 816 902,
1458 744 1632 803 cuius
1676 743 1839 803 foliis
1885 744 2122 804 litteras
2166 745 2261 804 AI
2301 746 2394 805 in-

151 846 424 924 scriptas
473 843 839 922 dignoscere
882 851 1129 902 veteres
1173 842 1294 904 sibi
1335 843 1729 904 videbantur.
1817 844 1931 905 sed
1974 847 2167 923 magis
2215 848 2399 906 etiam

153 946 330 1005 valet
362 946 443 1005 ad
474 947 851 1006 sententiam
879 965 1080 1059 meagn
1110 945 1589 1005 confirmandam
1617 947 1879 1006 Nonnus
1901 947 2091 1006 Dion.
2114 947 2399 1009 XLVIII

155 1055 262 1112 617
311 1068 456 1128 sqq.

421 1171 500 1252 ὦς
543 1169 728 1240 εἰπών
771 1176 830 1252 ἐς
857 1171 1167 1258 Ὄλυμπον
1210 1177 1469 1259 ἐπείγετο
1512 1177 1613 1240 καὶ
1657 1172 1845 1262 πτερὰ
1884 1173 2125 1244 πάλλων

419 1281 796 1360 εἰαρινοῖς
841 1275 1286 1341 πετάλοισιν
1329 1277 1558 1361 ἐχάζετο
1602 1283 1775 1343 τοῦτο
1819 1278 2100 1362 χαράξας·

383 1391 392 1399 ”
420 1384 683 1460 (νυμφίε,
730 1381 941 1463 λέκτρα
981 1381 1274 1444 τέλεσσον’
1325 1405 1382 1446 e.
1430 1407 1492 1466 q.
1538 1407 1587 1447 s·

154 1520 338 1580 unde
384 1522 526 1582 nolo
573 1519 862 1601 equidem
907 1522 1253 1599 conligere,
1316 1522 1575 1601 antiqua
1626 1523 1918 1582 memoria
1972 1523 2139 1583 idem
2194 1525 2401 1584 facere

155 1624 456 1682 mortales
503 1642 868 1697 consuesse,
917 1622 1084 1704 quod
1132 1621 1210 1683 de
1258 1622 1569 1703 Cupidine
1614 1624 1784 1684 hisce
1827 1633 2127 1684 narratur.
2220 1647 2402 1707 quem

157 1726 310 1784 olim
358 1744 588 1784 morem
628 1725 900 1803 viguisse
943 1746 1053 1785 suo
1113 1725 1296 1785 facile
1339 1745 1485 1785 usus
1530 1726 1757 1786 iudicio
1806 1745 1841 1786 e
1884 1724 2164 1786 versibus
2212 1726 2398 1787 Calli-

153 1827 433 1886 macheis
505 1827 840 1886 scholiasta
908 1827 1348 1906 Aristophanis
1421 1827 1743 1887 conclusit.
1843 1847 2213 1907 quamquam
2282 1829 2399 1888 iste

155 1929 562 1988 Boettichero
609 1927 862 2008 quidem
905 1928 950 1990 l.
997 1949 1049 1988 c.
1097 1951 1158 2009 p.
1205 1940 1275 1993 53
1315 1929 1383 1988 id
1426 1930 1630 2009 ipsum
1674 1925 2069 2009 persuasit¹).

337 2031 422 2090 At
465 2050 588 2110 qua
629 2050 799 2104 vero,
845 2031 1110 2109 inquies,
1157 2031 1400 2090 ratione
1435 2030 1568 2090 fieri
1613 2030 1833 2109 potuit,
1877 2040 1945 2090 ut
1971 2031 2402 2094 Aristaenetus

158 2124 416 2205 φλοιούς
456 2141 845 2206 memoraret,
903 2131 955 2192 si
1001 2131 1250 2212 quidem
1293 2153 1501 2192 eorum
1543 2131 1677 2191 loco
1722 2124 1921 2205 φύλλα
1966 2131 2406 2193 Callimachum

157 2233 457 2292 habuisse
511 2253 725 2293 verum
784 2232 920 2292 est?
985 2253 1066 2292 an
1122 2234 1431 2293 rhetorem
1485 2235 1873 2313 corruptelae
1929 2233 2115 2314 culpa
2167 2235 2233 2292 in
2292 2255 2400 2294 suo

160 2336 452 2414 exemplo
509 2335 740 2413 legisse
797 2335 1012 2394 statuis
1067 2337 1370 2410 qnlocoi‘uc‘?
1437 2335 1687 2394 minime
1744 2333 2059 2414 equidem,
2118 2335 2231 2394 sed
2278 2336 2401 2396 alio

158 2438 284 2496 fert
333 2437 611 2515 suspitio·
699 2455 966 2516 namque
1008 2437 1158 2495 mihi
1200 2437 1585 2496 Aristaeneti
1630 2436 1823 2496 verba
1866 2425 1909 2512 ἢ
1949 2436 2101 2514 γοῦν
2148 2438 2401 2496 τοσαῦτα

159 2525 358 2596 κατὰ
398 2537 541 2596 τῶν
574 2537 863 2612 φλοιῶν
907 2532 1508 2615 ἐγκεκολαμμένα
1538 2533 1773 2612 φέροιτε
1802 2528 2202 2614 γράμματα
2242 2560 2401 2598 com-

159 2641 416 2719 paranti
460 2660 596 2698 cum
633 2639 855 2700 Glauci
899 2640 1336 2720 epigrammate
1393 2659 1430 2698 a
1473 2638 1760 2698 Bentleio
1826 2640 1949 2730 iam
1994 2640 2179 2700 allato
2226 2641 2397 2698 anth.

160 2743 233 2802 P.
283 2742 391 2802 IX
434 2751 532 2804 541
578 2761 640 2801 v.
686 2749 722 2802 4

474 2872 574 2934 ναὶ
616 2875 736 2952 ναί,
783 2866 924 2935 Πᾶν
966 2867 1238 2953 συρικτά,
1281 2872 1384 2934 καὶ
1428 2874 1515 2948 εἰς
1556 2874 1822 2954 αἴγειρον
1868 2870 2101 2934 ἐκείνοιν
2196 2949 2199 2954 ¹

576 2977 675 3038 σοί
712 2999 768 3038 τι
813 2967 992 3036 κατὰ
1035 2977 1309 3053 φλοιοῦ
1351 2969 1625 3057 γράμμ’
1675 2968 2000 3052 ἕκόλαψε
2047 2973 2236 3055 λέγειν

168 3113 606 3193 perprobabile
650 3114 911 3188 videtur,
960 3115 1265 3174 rhetorem
1311 3123 1373 3174 et
1413 3115 1597 3174 huius
1645 3115 2097 3194 epigrammatis
2145 3123 2208 3173 et
2250 3133 2399 3173 vero

171 3217 550 3276 usitatissimi
606 3218 939 3276 amantium
1001 3217 1186 3276 moris
1251 3235 1583 3276 memorem
1641 3213 2001 3275 Callimachi
2060 3213 2401 3294 Glaucique

172 3337 384 3378 versus
432 3317 698 3399 quodam
740 3317 921 3378 modo
981 3318 1452 3377 contaminasse.
1545 3316 1761 3376 eodem
1820 3317 1984 3376 enim
2038 3315 2220 3376 modo
2280 3317 2404 3375 iam

178 3429 360 3480 antea
413 3420 583 3480 illum
627 3439 664 3478 a
709 3419 1080 3480 Callimacho
1127 3419 1575 3478 desciscentem
1632 3419 1698 3477 in
1755 3419 1961 3477 tritam
2005 3418 2168 3477 viam
2214 3417 2405 3478 decli-

177 3541 357 3581 nasse
400 3521 682 3581 vidimuS.
759 3520 929 3581 aliud
971 3541 1137 3580 nunc
1179 3521 1575 3601 praeripiam.
1636 3520 1802 3601 quod
1833 3519 2166 3580 Acontium
2200 3522 2406 3580 statim

181 3623 619 3683 exclamantem
648 3623 797 3689 facit
827 3603 874 3681 ὦ
905 3612 1354 3700 δυστυχής”ἕγῶ,
1398 3622 1568 3682 idem
1599 3622 1766 3702 apud
1801 3621 2242 3683 Callimachum
2274 3630 2407 3681 erat

180 3726 335 3804 λῐρος
377 3717 508 3803 ἐγώ.
583 3734 645 3785 et
689 3745 823 3784 cum
863 3725 982 3784 hoc
1035 3724 1408 3803 significaret
1449 3728 1739 3800 impudens
1781 3724 1886 3784 vel
1916 3731 2123 3794 atrox,
2189 3743 2405 3782 vocem

180 3824 487 3906 perraram
529 3825 605 3886 ab
635 3827 1032 3886 Aristaeneto
1065 3847 1194 3886 non
1222 3839 1390 3886 recte
1425 3846 1563 3886 esse
1591 3826 1969 3885 intellectam
1997 3826 2404 3884 Buttmannus

178 3929 218 3987 l.
249 3949 300 3987 c.
332 3949 394 4008 p.
428 3934 528 3990 127
575 3937 637 3988 et
669 3927 938 3990 Cobetus
981 3948 1204 3988 mnem.
1233 3929 1333 3988 IX
1377 3949 1438 4007 p.
1474 3937 1575 3990 152
1605 3948 1698 4007 sq.
1742 3926 2159 3986 crediderunt.
2223 3927 2403 3984 immo

308 4147 348 4211 ¹)
387 4148 547 4211 Quod
593 4146 691 4197 ille
731 4146 910 4196 additz
967 4145 1406 4197 Wahrsclzeinlich
1447 4146 1595 4196 scach
1638 4145 1767 4196 auch
1800 4145 2033 4195 Phaidra
2078 4146 2177 4196 den
2212 4145 2408 4196 Numen

178 4233 491 4300 Hippolyto-s
524 4235 579 4283 in
615 4235 698 4284 die
733 4231 972 4282 Blaetter
994 4233 1152 4294 jenes
1187 4231 1588 4297 Myrtenbaum's
1624 4232 1719 4280 der
1742 4230 2033 4295 Aphrodite
2056 4229 2405 4295 Kataskopia,

175 4319 229 4369 id
263 4318 414 4370 nullo
447 4317 612 4368 modo
650 4333 680 4368 e
715 4317 1032 4369 Pausaniae
1071 4316 1252 4368 verbis
1286 4316 1341 4366 11
1377 4318 1460 4379 32,
1501 4318 1533 4366 3
1571 4319 1629 4364 et
1661 4315 1689 4365 Ι
1722 4317 1806 4380 22,
1845 4318 1877 4365 2
1914 4315 2194 4382 conligere
2227 4315 2382 4366 licet.

1908 4397 2000 4462 6*
