2917 4992
1071 313 1527 377 —103-0-

196 493 404 544 notare
433 492 823 564 spreverunt.
885 485 1118 564 quippe
1149 486 1268 546 huc
1297 489 1563 548 maxime
1593 490 1899 552 inclinant
1925 502 1987 551 et
2016 492 2080 551 hi
2112 502 2175 552 et
2204 494 2332 569 ille,
2356 503 2425 554 ut

195 588 250 645 in
293 585 614 646 affectibus
659 594 982 648 versentur
1030 586 1458 650 describendis
1518 591 1731 673 eisque
1778 593 2196 672 explicandis,
2262 617 2422 676 quae

199 688 482 748 orationis
527 687 856 748 luminibus
915 707 1332 776 sensuumque
1387 694 1643 770 argutiis
1696 695 2032 774 splendere
2085 700 2420 777 potuerint.

196 789 350 849 unde
397 791 644 864 factum,
689 799 758 850 ut
799 799 1112 871 tamquam
1140 793 1409 871 picturas
1438 794 1683 876 utrique
1714 807 2073 877 proponant
2100 801 2167 858 in
2201 800 2421 881 quibus

200 892 512 952 desideres
559 900 758 952 certas
804 892 1106 953 linearum
1154 891 1603 958 distinctiones.
1663 907 1727 958 et
1770 899 2133 961 Philostrati
2176 910 2240 960 et
2282 900 2421 961 Ari·

197 1003 502 1054 staenetus
560 995 970 1055 enarrationis
1015 1015 1308 1056 summam
1351 998 1430 1058 ab
1480 1000 1763 1079 exemplo
1809 1003 2128 1081 proposito
2164 1004 2423 1062 mutuati

197 1103 328 1156 sunt
381 1116 514 1155 non
558 1097 679 1156 nisi
725 1095 1046 1156 obscurato
1093 1117 1164 1158 ac
1209 1097 1552 1161 deformato
1584 1121 1786 1162 rerum
1815 1103 2302 1164 adventiciamm
2333 1114 2423 1164 at-

200 1218 306 1278 que
363 1197 618 1258 aliunde
677 1199 1026 1260 memoriter
1091 1200 1495 1262 admixtamm
1562 1206 1958 1265 ornamentis.
2046 1205 2217 1265 unde
2272 1213 2427 1266 nata

200 1299 495 1380 quaedam
541 1307 636 1359 est
677 1300 1108 1361 molestissima
1151 1304 1737 1366 contaminatio.
1828 1307 2034 1368 differt
2076 1327 2224 1366 vero
2270 1307 2420 1366 isto·

197 1423 318 1460 rum
359 1402 518 1461 ratio
565 1402 686 1476 eis,
747 1422 908 1483 quae
953 1402 1216 1464 redeant
1262 1403 1342 1463 ad
1400 1407 1696 1468 materiae
1756 1409 2179 1470 diversitatem
2236 1417 2424 1489 atque

197 1505 574 1582 ingeniorum
615 1513 712 1564 sat
740 1525 1029 1583 magnum
1073 1499 1420 1568 discrimen.
1479 1529 1746 1590 namque
1778 1511 2289 1571 Philostratorum
2332 1511 2425 1570 in-

197 1607 373 1684 genia
415 1606 605 1685 longe
653 1615 714 1666 et
758 1607 1032 1668 inventis
1076 1608 1441 1668 fecundiora
1488 1623 1549 1669 et
1592 1611 1863 1672 lectione
1910 1610 2264 1674 eruditiora.

337 2013 427 2072 At
450 2033 565 2074 nos
587 2013 778 2072 telam
804 2012 1080 2074 nondum
1105 2017 1481 2094 perteximus
1506 2019 1947 2078 instaurandae
1970 2017 2429 2079 Callimacheae

196 2115 465 2192 fabulae,
521 2115 636 2174 sed
689 2115 795 2174 vel
853 2114 1180 2176 deficiente
1239 2117 1397 2179 duce
1440 2121 1714 2194 rhetore,
1778 2121 1881 2200 qui
1926 2127 2135 2179 cetera
2180 2141 2428 2201 quoque

194 2224 256 2276 ut
295 2217 457 2276 nihil
499 2215 580 2276 ad
625 2237 694 2276 se
739 2218 1120 2296 pertinentia
1151 2217 1457 2295 abstersit,
1506 2220 1685 2281 nobis
1734 2222 1848 2281 erit
1878 2221 2285 2301 pergendum.
2356 2241 2429 2281 ac

195 2319 329 2379 licet
371 2319 488 2379 toti
533 2318 759 2378 abhinc
801 2320 868 2380 in
915 2322 1268 2382 coniectura
1321 2341 1667 2398 versemur,
1730 2332 1939 2383 tamen
1996 2325 2144 2384 satis
2201 2333 2429 2384 certam

193 2421 348 2480 viam
397 2421 494 2480 cui
537 2421 888 2481 insistamus
935 2421 1296 2485 habebimus
1339 2425 1895 2486 ratiocinationem.

339 2523 554 2582 Antea
585 2524 751 2582 enim
780 2520 1068 2599 vidimus,
1102 2525 1169 2584 id
1199 2527 1404 2606 ipsum
1434 2527 1844 2606 fragmentum
1882 2546 2003 2607 quo
2035 2529 2267 2588 nullum
2299 2530 2425 2588 evi·

196 2625 438 2686 dentius
493 2625 788 2685 convenit
830 2646 964 2686 cum
1005 2627 1460 2688 Aristaeneteis
1509 2650 1546 2688 a
1589 2629 2061 2708 scholiographo
2106 2628 2187 2688 ad
2232 2629 2425 2708 Soph.

194 2727 405 2806 Antig.
429 2735 500 2789 80
528 2727 731 2806 planis
757 2747 828 2787 ac
855 2727 1162 2788 distinctis
1187 2729 1392 2789 verbis
1423 2730 1727 2810 assignari
1757 2729 1841 2812 τῷ
1869 2723 1936 2807 γ’
1964 2726 2185 2789 αἰτίων.
2240 2740 2429 2810 atque

194 2829 368 2888 huius
397 2829 573 2888 testis
605 2838 791 2908 auget
818 2828 1003 2888 fidem
1041 2830 1157 2908 frg.
1190 2840 1276 2905 30,
1326 2829 1492 2911 quod
1529 2851 1607 2892 ex
1639 2830 1859 2892 eodem
1890 2832 2098 2892 aetion
2129 2831 2285 2892 libro
2318 2831 2424 2891 de·

195 2940 498 3010 sumptum
521 2930 601 2990 ad
616 2930 950 3011 Cydippae
976 2930 1242 2991 fabulam
1267 2933 1632 2994 rettulimus.
1665 2933 1860 2994 nihilo
1886 2935 2078 2994 setius
2090 2933 2429 2994 Piersonus

195 3033 457 3093 verisim.
488 3053 553 3112 p.
584 3042 652 3097 99
681 3053 776 3113 sq.
806 3032 895 3092 ita
923 3033 1252 3094 iudicavit:
1300 3035 1394 3093 Ita
1423 3039 1827 3110 Fraymentum
1858 3039 2045 3096 Bentl.
2076 3043 2153 3096 26
2175 3023 2428 3113 Ἀγρόθι

197 3153 290 3191 ποι
335 3124 599 3216 πάσῃσιν
643 3129 742 3192 ἐπὶ
783 3128 1154 3217 προχάνῃσιν
1198 3131 1404 3211 ἐφοίτα
1459 3141 1876 3196 Aristaenetum
1917 3143 1977 3196 in
2032 3139 2144 3194 hac
2197 3141 2431 3212 epistola

197 3241 541 3310 expressisse
597 3239 800 3295 notavit
843 3240 920 3296 CI.
963 3239 1336 3297 Ruhnkenius
1376 3241 1566 3313 Epist.
1612 3241 1754 3296 Crit.
1800 3239 1889 3297 11.
1926 3257 1992 3310 p.
2041 3243 2136 3296 43.
2224 3239 2431 3312 Itaque

197 3343 407 3398 omnino
451 3340 813 3413 referendum
855 3347 942 3397 est
983 3342 1064 3397 ad
1103 3342 1388 3414 Cydippen
1401 3385 1415 3410 ,
1474 3344 1601 3397 licet
1646 3341 1985 3399 Scholiastes
2030 3340 2316 3414 Sophoclis
2357 3342 2436 3397 ad

200 3444 502 3514 Antiyonen
521 3460 586 3514 p.
624 3447 736 3499 216
779 3457 810 3499 e
854 3443 1004 3499 libris
1047 3437 1254 3500 αἰτίων
1293 3443 1605 3500 desumtum
1631 3444 1869 3500 scribat:
1912 3443 2014 3499 sed
2040 3450 2137 3500 aut
2168 3447 2433 3501 memoria

199 3543 519 3600 scholiasten
570 3543 804 3617 fefellit,
865 3550 969 3600 aut
1013 3549 1167 3601 certe
1223 3545 1492 3602 nonnulla
1546 3559 1624 3601 ex
1680 3547 1855 3616 ipsius
1899 3546 2077 3604 verbis
2116 3549 2429 3618 perierunt.

199 3642 393 3717 vides,
441 3664 562 3723 quo
608 3644 794 3704 modo
837 3645 1034 3704 virum
1078 3664 1272 3724 prava
1321 3643 1399 3704 de
1433 3645 1612 3718 aetiis
1646 3646 1856 3725 opinio
1890 3644 2121 3705 eludat.
2166 3643 2231 3703 id
2265 3644 2433 3724 quod

199 3747 388 3825 magis
420 3747 606 3806 etiam
635 3745 802 3806 cadit
829 3747 896 3806 in
928 3746 1424 3822 Valckenarium,
1459 3748 1567 3827 qui
1598 3745 1839 3808 Gallim.
1866 3747 2025 3824 stgg.
2054 3745 2213 3823 eleg.
2244 3766 2307 3824 p.
2329 3752 2433 3806 223

201 3850 474 3927 praecise
532 3849 797 3908 correxit
853 3843 919 3906 ἐν
962 3847 1046 3930 τῷ
1089 3840 1155 3926 γ’
1197 3842 1318 3906 τῶν
1364 3843 1650 3924 ἐλεγείων.
1738 3868 1904 3907 anno
1964 3845 2111 3906 dein
2160 3855 2295 3909 1829
2337 3846 2430 3906 in-

204 3952 455 4026 geniosa
497 3949 732 4029 prodiit
772 3950 1136 4011 Buttmanni
1183 3949 1517 4029 disputatio
1562 3951 1810 4029 saepius
1855 3947 2035 4007 nobis
2078 3956 2432 4007 memorata.

203 4051 250 4109 is
273 4059 474 4111 autem
495 4052 599 4110 via
622 4071 694 4110 ac
715 4052 958 4112 ratione
981 4051 1328 4133 procedens
1355 4052 1681 4112 enucleare
1707 4048 1913 4110 studet
1942 4068 1980 4107 a
1996 4049 2099 4108 eti
2118 4068 2152 4107 o
2168 4068 2229 4124 n,
2264 4049 2433 4108 cuius

203 4152 330 4212 iure
371 4163 563 4233 poeta
605 4153 761 4214 illud
806 4173 1054 4214 carmen
1101 4173 1451 4214 caussarum
1504 4153 1675 4214 libris
1728 4151 2071 4214 intexuisse
2128 4149 2431 4212 videatur.

206 4263 342 4332 post
372 4274 555 4336 quem
583 4255 1001 4317 Valckenario
1035 4257 1322 4316 assentiri
1352 4254 1556 4336 potuit
1580 4252 2022 4334 Hertzbergius
2054 4251 2186 4326 (die
2212 4251 2437 4332 Elegie
