2917 4992
1385 304 1799 370 „92-

762 471 923 556 ’Ήδη
965 476 1077 558 μὲν
1119 471 1470 558 κροκόεις
1516 470 1874 540 Πιτανάτιδι
1916 478 2231 540 πίτνατο
2274 473 2485 564 νύμφᾳ

834 579 1194 668 Κλειναρέτᾳ
1239 578 1566 661 χρυσέων
1609 571 1886 654 παστὰς
1931 579 2066 641 ἔσω
2108 576 2479 656 θαλάμων.

475 722 553 780 cf.
584 721 797 800 Apoll.
828 721 1032 780 Rhod.
1064 723 1156 783 IV
1191 727 1325 783 1139
1355 740 1514 799 sqq.‚
1546 719 1783 779 Himer.
1817 741 1904 780 or.
1937 721 1970 780 1
1998 727 2051 793 4,
2088 719 2415 779 Claudian.
2450 719 2717 798 epithal.

473 832 611 896 213,
668 823 900 882 Lucan.
945 824 1016 882 II
1057 830 1180 885 357.
1267 823 1477 880 Nonn.
1522 822 1713 881 Dion.
1758 823 1818 882 V
1860 830 1927 884 91
1986 822 2203 882 Venus
2252 820 2469 882 Cadmi
2524 829 2723 880 ornat

477 918 770 1002 (ἐκόσμεε)
818 925 1167 983 thalamum.
1263 942 1479 982 verum
1537 931 1683 982 ante
1750 931 1989 982 ceteros
2046 922 2219 982 utilis
2279 931 2373 982 est
2417 921 2496 981 ad
2544 942 2719 982 com-

473 1025 820 1106 parandum
861 1026 1222 1105 Xenophon
1267 1024 1430 1104 Eph.
1478 1025 1508 1083 Ι
1554 1031 1607 1099 8,
1655 1033 1707 1084 2.
2636 1033 2643 1038 '

644 1129 775 1187 Iam
817 1128 1036 1187 iterum
1077 1134 1359 1205 aegrotat
1396 1125 1707 1205 Cydippa,
1754 1126 1975 1186 iterum
2017 1126 2272 1204 nuptiae
2319 1125 2718 1186 differuntur.

477 1229 823 1308 eademque
866 1230 1113 1288 tertium
1161 1229 1344 1288 etiam
1387 1228 1617 1306 virgini
1662 1226 1975 1301 accidunt,
2039 1234 2407 1306 recuperata
2450 1229 2719 1302 sanitaS,

473 1332 729 1410 nuptiae
760 1331 1098 1404 institutae,
1132 1329 1339 1390 fatalis
1368 1328 1634 1390 morbus.
1680 1330 1769 1388 ita
1796 1327 1979 1388 rebus
2008 1327 2380 1388 habentibus
2401 1328 2723 1388 Acontius

474 1434 648 1491 venit
677 1431 977 1492 Athenae.
1053 1431 1357 1508 virginem
1388 1430 1453 1489 in
1484 1432 1651 1490 vitae
1696 1429 2023 1490 discrimen
2053 1430 2381 1490 adductam
2422 1449 2721 1509 quaeque

475 1541 662 1592 antea
706 1541 914 1593 essent
955 1531 1259 1592 mirabilia
1301 1533 1468 1592 facta
1510 1533 1718 1592 statim
1762 1531 1954 1592 fando
1998 1526 2316 1610 accipit¹)‚
2362 1539 2723 1610 pervagata

387 1709 394 1712 -
473 1635 564 1693 rei
610 1634 790 1692 fama.
881 1654 1187 1713 apparere
1229 1636 1393 1694 enim
1422 1632 1784 1712 parentibus
1830 1633 1907 1692 ab
1939 1635 2153 1714 eisque
2190 1653 2489 1712 praesens
2518 1633 2723 1693 filiam

472 1737 540 1795 in
598 1737 1049 1796 matrimonium
1098 1739 1322 1815 'petere
1379 1733 1811 1795 verecundans
1834 1730 1885 1813 ²)
1946 1736 2101 1796 clam
2144 1736 2503 1808 sciscitatur,
2554 1733 2719 1816 quid

475 1847 621 1916 agat
667 1838 792 1898 illa.
885 1837 1146 1898 Ovidius
1193 1858 1291 1917 ep.
1337 1837 1469 1897 XX
1516 1845 1615 1899 129
1658 1857 1799 1916 sqq.

776 1974 848 2014 ne
893 1965 1076 2014 tamen
1120 1961 1364 2032 iquorem
1381 2001 1394 2026 ‚
1440 1959 1575 2030 quid
1615 1973 1781 2030 ayas,
1826 1958 1905 2013 ad
1946 1959 2133 2014 limina
2176 1958 2371 2015 crebro

879 2063 1089 2116 anxius
1129 2060 1240 2116 hue
1282 2061 1410 2116 illuc
1452 2060 1868 2116 dissimulanter
1910 2074 1991 2116 eo.

772 2163 1073 2234 subsequor
1116 2163 1374 2218 ancillam
1412 2160 1619 2233 furtim
1658 2160 1997 2233 famulumve
2038 2163 2358 2236 requirenS,

869 2261 1201 2336 profuerint
1243 2265 1422 2320 somni
1459 2263 1593 2337 quid
1632 2263 1725 2318 tibi
1762 2263 1957 2334 quidve
1997 2263 2118 2318 cibi.

475 2415 550 2456 ea
606 2397 848 2456 ratione
901 2404 1154 2474 totoque
1211 2395 1390 2455 simul
1443 2394 1657 2456 habitu
1714 2403 2013 2456 tumorem
2074 2397 2262 2455 animi
2322 2403 2507 2476 atque
2551 2398 2723 2456 inci-

470 2498 770 2559 tationem
802 2496 944 2556 dum
975 2499 1204 2557 invitus
1235 2497 1441 2577 prodit
1486 2498 1711 2556 factum
1756 2496 2018 2572 videtur,
2062 2506 2131 2557 ut
2161 2499 2597 2558 nonnullorum
2642 2500 2722 2560 in

473 2621 542 2662 se
585 2597 858 2660 verteret
903 2600 1108 2660 oculos
1155 2606 1217 2660 et
1260 2600 1655 2680 suspitiones.
1726 2619 1826 2679 ep.
1871 2599 2039 2660 XXI
2080 2611 2147 2664 51
2192 2621 2287 2680 sq.

775 2753 910 2795 neve
953 2737 1092 2794 nihil
1131 2739 1333 2794 credas
1375 2739 1432 2792 in
1478 2743 1527 2793 te
1568 2753 1786 2810 quoque
1827 2738 2013 2794 dicere
2051 2737 2266 2810 famam
2282 2781 2299 2806 ,

783 2879 792 2886 .
874 2838 1033 2911 facta
1078 2841 1368 2912 veneficiis.
1383 2853 1536 2911 pars
1569 2844 1744 2912 putat
1778 2841 1893 2894 ista
1936 2842 2063 2896 tuis.

474 2991 546 3030 ac
589 2979 794 3052 potest
839 2973 1024 3030 etiam
1067 2971 1234 3050 apud
1267 2970 1710 3032 Callimachum
1751 2974 1874 3032 iam
1902 2992 2098 3032 sermo
2146 2973 2339 3034 fuisse
2385 2973 2465 3033 de
2495 2975 2717 3056 aliquo

471 3074 701 3133 Aconti
762 3072 1217 3154 Cydippaeque
1281 3073 1640 3134 commercio
1708 3093 1823 3153 per
1886 3077 2186 3134 nutricem
2252 3076 2415 3136 facto
2438 3122 2453 3151 ,
2535 3078 2717 3158 quod

471 3176 770 3236 Acontius
815 3176 1169 3236 instituerit.
1261 3195 1372 3236 eae
1420 3176 1585 3235 enim
1616 3177 2055 3236 nutricularum
2081 3177 2149 3236 in
2195 3177 2420 3238 fabulis
2454 3180 2717 3239 eroticis

471 3278 674 3338 solent
719 3296 856 3336 esse
887 3285 1228 3357 partes„ut
1274 3278 1608 3338 amantium
1654 3279 2103 3339 conciliatrices
2148 3280 2289 3353 sint,
2337 3279 2405 3339 id
2452 3280 2621 3360 quod
2678 3303 2717 3341 e

755 3467 862 3526 Ἐν
896 3469 1030 3528 ποκ’
1065 3468 1182 3542 ἄρα
1218 3471 1460 3544 Σπάρτᾳ
1498 3471 1837 3544 ξανθότριχι
1870 3472 1987 3543 πὰρ
2022 3473 2305 3547 Μενελάῳ

776 3558 1135 3626 παρθενικαὶ
1171 3554 1467 3614 θάλλοντα
1500 3558 1709 3630 κόμαις
1743 3555 2040 3615 ὑάκινθον
2079 3558 2297 3629 ἔχοισαι

777 3638 1000 3710 πρόσθε
1036 3643 1368 3712 νεογράπτω
1405 3640 1651 3714 θαλάμω
1688 3641 1859 3714 χορὸν
1896 3641 2219 3704 ἐσπάσαντο.

471 3749 788 3800 Meinekius
833 3750 1060 3813 scripsit
1104 3745 1400 3815 νεοὸμάτω
1445 3741 1724 3816 θαλάμω,
1771 3750 2089 3822 Koechlyus
2138 3750 2529 3802 akademische
2567 3752 2715 3802 Vor-

471 3839 666 3900 traege
712 3833 823 3884 und
869 3834 1060 3884 Reden
1096 3835 1124 3884 Ι
1160 3851 1212 3900 p.
1247 3835 1349 3886 408
1392 3835 1665 3901 praetulit
1716 3826 2029 3901 νεοκμάτω.
2100 3849 2283 3886 nonne
2330 3836 2715 3902 reponendum

469 3910 842 3984 ’νεορράπτωῖ

608 3999 655 4064 ¹)
689 4004 856 4053 Errat
891 4004 1035 4054 enim
1069 4003 1436 4054 Buttmannus
1471 4003 1509 4054 l.
1549 4020 1603 4054 c.
1636 4021 1688 4071 p.
1727 4005 1843 4055 118.

607 4085 650 4150 ²)
698 4088 800 4138 Ov.
851 4105 936 4154 ep.
973 4089 1074 4138 XX
1112 4091 1176 4140 73
1201 4103 1316 4154 sqq.
1363 4093 1527 4154 rogat
1568 4089 1837 4140 Acontius
1882 4094 1943 4139 ut
1986 4090 2312 4140 admittatur
2358 4089 2446 4140 vel
2495 4089 2573 4153 (v.
2612 4092 2712 4156 ⁷9)

474 4170 772 4221 advocetur
821 4173 889 4222 ad
937 4172 1270 4238 Cydippam‚
1331 4174 1422 4223 cui
1468 4173 1744 4225 rhetorico
1791 4173 2026 4225 artificio
2082 4190 2299 4224 servum
2352 4190 2475 4225 sese
2521 4175 2712 4226 offert.

474 4255 766 4319 respondet
799 4255 900 4306 illa
935 4257 1066 4306 XXI
1101 4259 1225 4308 2132
1263 4260 1388 4324 quid
1418 4265 1584 4310 tamen
1616 4261 1713 4310 huc
1746 4261 1955 4312 venias?
1992 4275 2041 4310 e.
2080 4275 2132 4326 q.
2170 4274 2216 4314 Β.
