2917 4992
1399 329 1821 396 -22-

497 519 707 576 essent
749 527 1046 572 novarum
1089 526 1290 568 rerum
1317 505 1645 566 lenociniis
1674 513 1863 584 atque
1894 504 2355 594 exquisitiorum
2384 503 2755 565 fabularum

498 612 983 674 oblectamentis.

665 715 886 793 Itaque
920 711 1300 791 Cyrenensis
1343 711 1418 772 in
1466 709 1724 782 aetiis,
1774 706 1992 788 quibus
2023 707 2435 787 principatum
2470 707 2755 786 elegiaci

497 817 748 895 generis
793 823 1008 874 nactus
1053 821 1175 888 est,
1223 819 1489 872 remotos
1536 810 1909 890 obrutosque
1952 808 2295 872 fabularum
2338 809 2545 870 fontes
2576 808 2758 870 adiit

499 939 570 978 ac
599 916 959 977 reconditae
993 915 1310 978 doctrinae
1341 934 1471 974 non
1501 913 1623 974 nisi
1654 933 1691 974 a
1720 912 2101 992 paucissimis
2146 930 2476 990 possessae
2505 911 2757 973 horrea

499 1020 759 1099 aperuit.
815 1017 984 1080 unde
1028 1025 1305 1097 repetas,
1353 1015 1523 1096 quod
1566 1014 1736 1094 apud
1765 1014 2117 1076 Martialem
2144 1013 2211 1074 X
2238 1021 2274 1075 4
2316 1013 2526 1094 aliqua
2569 1013 2756 1076 veri-

496 1122 640 1182 tatis
685 1121 1104 1200 superlatione
1135 1120 1300 1181 aetia
1333 1117 1695 1182 Callimachi
1724 1115 2003 1178 abstrusa
2034 1115 2349 1195 quaelibet
2379 1135 2451 1176 ac
2480 1123 2754 1195 porten-

495 1231 631 1283 tosa
677 1231 740 1282 et
783 1244 820 1282 a
863 1221 1176 1282 cotidiana
1229 1221 1362 1280 vita
1415 1219 1821 1283 remotissima
1876 1217 2245 1296 significant.
2336 1237 2456 1297 quo
2504 1225 2569 1278 et
2612 1218 2754 1278 Lu-

499 1325 662 1384 ciani
705 1322 869 1382 redit
913 1323 1045 1382 fere
1090 1323 1350 1397 crimen,
1411 1321 1853 1382 Callimachum
1895 1327 2309 1380 monstruosas
2363 1317 2751 1380 horrendas-

501 1445 620 1506 que
664 1445 765 1485 res
823 1425 1232 1485 luxuriantem
1291 1424 1666 1504 depingere,
1728 1421 1807 1484 de
1853 1441 2091 1482 conscr.
2132 1420 2277 1480 hist.
2322 1429 2408 1495 57,
2454 1420 2561 1482 ubi
2606 1423 2755 1482 lau-

499 1527 646 1586 data
674 1527 930 1588 Homeri
976 1527 1220 1586 excelsa
1265 1527 1546 1589 castitate
1590 1524 1744 1584 haec
1788 1523 2266 1601 subiunguntur:
2312 1519 2365 1581 εἰ
2394 1517 2459 1582 δὲ
2488 1520 2755 1600 Παρθέ·

497 1647 627 1698 νιος
669 1617 710 1703 ἢ
752 1618 1077 1704 Εὐφορίων
1131 1615 1170 1702 ἢ
1217 1627 1585 1705 Καλλίμαχος
1640 1621 1834 1704 ἔλεγε,
1892 1614 2097 1694 πόσοις
2146 1615 2227 1682 ἂν
2280 1621 2396 1684 οἴει
2448 1621 2619 1684 ἔπεσι
2680 1614 2755 1686 τὰ

495 1721 657 1808 ὕδωρ
701 1721 836 1808 ἄχρι
879 1718 1028 1803 πρὸς
1070 1719 1138 1788 τὸ
1185 1719 1386 1806 χεῖλος
1414 1729 1522 1788 τοῦ
1573 1718 1876 1787 Ταντάλου
1934 1719 2183 1804 ἤγαγενς
2240 1717 2365 1785 εἶτα
2406 1720 2617 1798 πόσοις
2664 1719 2755 1786 ἂν

485 1823 700 1903 Ἰξίονα
745 1823 972 1892 ἐκύλισε
989 1829 1076 1908 ¹);
1147 1831 1508 1892 Callimachi
1562 1830 1964 1891 sectatoribus
2022 1825 2269 1905 μέλαινα
2313 1825 2539 1907 ἱστορία
2584 1831 2750 1890 assi-

449 1949 458 1955 ·
497 1941 719 2011 gnatur
749 1953 785 1990 a
813 1933 1107 2012 Philippo
1140 1933 1308 1993 anth.
1340 1934 1411 1992 P.
1443 1933 1544 1991 XI
1572 1939 1695 1998 347,
1724 1939 1760 1992 4
1787 1951 1881 2010 sq.
1928 1951 1999 1989 ac
2042 1939 2223 1990 notus
2272 1940 2365 1990 est
2397 1929 2749 1993 Clementis

496 2036 666 2095 locus
711 2043 916 2094 strom.
962 2035 1021 2095 V
1063 2043 1100 2096 8
1141 2053 1204 2114 p.
1253 2040 1358 2096 676
1399 2035 1567 2094 Pott.
1624 2021 1947 2108 Εὐφορίων
1989 2020 2103 2109 γάρ
2148 2019 2185 2088 ὁ
2226 2020 2477 2106 ποιητὴς
2520 2027 2623 2090 καὶ
2674 2021 2751 2088 τοὶ

497 2129 978 2212 Καλλιμάχου
1023 2133 1238 2194 αἴτια
1282 2131 1384 2194 καὶ
1427 2124 1469 2209 ἡ
1513 2126 1917 2209 Λυκόφρονος
1952 2119 2311 2212 Ἀλεξάνδρα
2354 2129 2456 2191 καὶ
2498 2121 2569 2192 τὰ
2615 2152 2749 2192 τοι·

497 2230 696 2308 ούτοις
751 2230 1134 2318 παραπλήσια
1187 2230 1519 2316 γυμνάσιον
1563 2233 1646 2306 εἰς
1690 2229 1964 2311 ἐξήγησιν
2018 2224 2433 2312 γραμματικὴν
2476 2231 2751 2294 ἔκκειται

496 2333 736 2399 ἅπασιν.
838 2341 1054 2419 utique
1113 2340 1200 2398 eis
1256 2341 1456 2418 poetis
1514 2337 1923 2416 grammaticis
1978 2335 2479 2396 adnumerandus
2542 2336 2747 2416 Cyre—

499 2442 712 2500 nensis
748 2450 866 2515 est,
917 2443 1022 2520 qui
1064 2441 1130 2499 in
1175 2439 1473 2498 rimandis
1520 2459 1592 2498 ac
1636 2437 1993 2518 promendis
2038 2438 2352 2498 minutulis
2396 2437 2749 2498 fabularum
2822 2425 2825 2430 ¹

499 2544 822 2602 momentis
879 2541 1290 2622 proditae-que
1347 2541 1855 2620 mythographiae
1900 2541 2077 2621 quasi
2120 2539 2359 2600 lacunis
2406 2539 2747 2619 explendis

497 2645 603 2704 vel
646 2643 1074 2723 repugnantiis
1126 2643 1508 2721 corrigendis
1568 2641 1961 2702 elaborarint.
2020 2643 2099 2702 cf.
2146 2643 2213 2701 in
2257 2642 2393 2701 Iov,
2438 2649 2500 2716 6,
2563 2642 2745 2702 anth.

497 2748 569 2807 P.
614 2747 715 2806 XI
757 2755 890 2819 321,
935 2755 970 2808 3
1015 2753 1078 2804 et
1119 2741 1238 2821 6²).
1329 2765 1448 2824 quo
1508 2745 1574 2804 in
1619 2763 1852 2823 genere
1894 2764 2019 2804 una
2062 2741 2621 2806 cumeallimacho
2676 2745 2745 2807 in

635 2979 672 3042 ¹)
711 2979 875 3028 Hanc
899 2979 1139 3029 Luciani
1165 2993 1286 3030 esse
1311 2985 1549 3030 mentem
1574 2995 1683 3030 non
1706 2979 1867 3030 modo
1890 2980 2190 3030 Piersonus
2217 2980 2287 3030 ad
2312 2979 2518 3031 Herod.
2543 2995 2593 3046 p.
2614 2981 2742 3041 440,

504 3065 598 3129 qui
633 3065 863 3114 miratus
901 3068 986 3114 est
1010 3063 1356 3114 Callimacho
1393 3062 1775 3131 βραχυλογίας
1811 3064 2212 3116 studiosissimo
2237 3050 2598 3129 loquacitatis
2628 3065 2739 3116 cri·

499 3165 623 3199 men
657 3149 888 3210 intendi,
925 3149 1284 3215 Heyniusque
1322 3163 1509 3216 opusc.
1541 3149 1702 3202 acad.
1726 3151 1754 3200 Ι
1790 3167 1841 3216 p.
1870 3153 1935 3200 93
1974 3154 2031 3201 et
2051 3150 2456 3214 Hertzbergius
2492 3155 2743 3216 quaestt.

497 3235 658 3300 Prop.
696 3251 748 3300 p.
779 3237 898 3296 190,
939 3234 1036 3286 sed
1075 3235 1244 3285 etiam
1269 3233 1515 3286 Naekius
1553 3251 1743 3301 opusc.
1768 3236 1796 3285 Ι
1833 3251 1883 3299 p.
1910 3236 1993 3298 61,
2032 3234 2349 3287 Meinekius
2378 3233 2546 3286 anall.
2574 3234 2742 3286 Alex.

497 3334 550 3382 p.
579 3321 642 3368 35
669 3335 747 3384 sq.
788 3323 843 3369 et
867 3319 1254 3383 Bernhardyus
1292 3336 1370 3385 gr.
1396 3319 1533 3369 Litt.
1561 3321 1618 3370 II
1645 3319 1705 3368 1²
1739 3337 1794 3385 p.
1820 3321 1920 3371 500
1954 3334 2065 3369 non
2089 3319 2363 3370 viderunt.
2424 3319 2523 3368 illa
2550 3324 2745 3370 autem

501 3400 832 3452 Callimachi
855 3403 1222 3468 Euphorionis
1246 3403 1513 3453 Partheni
1537 3405 1829 3470 propensio
1855 3403 2035 3468 qualis
2060 3403 2248 3467 fuerit,
2274 3401 2462 3454 multis
2486 3403 2545 3452 ni
2570 3403 2745 3453 fallor

501 3485 742 3535 cernitur
784 3485 985 3536 Ovidi
1028 3486 1196 3548 locis,
1236 3489 1330 3551 qui
1367 3488 1585 3538 omnino
1623 3493 1753 3553 quot
1786 3488 2099 3538 nominibus
2134 3488 2375 3553 pendeat
2401 3487 2470 3537 ab
2495 3487 2741 3538 Alexan-

499 3571 774 3619 drinorum
811 3576 928 3621 arte
965 3573 1201 3622 nondum
1237 3573 1374 3622 satis
1409 3578 1758 3638 perspectum
1786 3577 1885 3624 est.
1940 3573 2011 3624 cf.
2040 3577 2168 3623 met.
2196 3573 2273 3622 VI
2304 3573 2423 3626 359.
2448 3573 2741 3624 387—391.

499 3655 784 3706 557—560.
825 3657 1112 3706 636-646.
1156 3657 1208 3706 X
1243 3658 1531 3710 503-513.
1602 3657 1693 3708 cll.
1729 3662 1857 3708 met.
1894 3659 1972 3708 VI
2006 3659 2107 3710 319
2132 3673 2233 3721 sq„
2273 3658 2422 3711 trist.
2456 3657 2513 3708 ΙΙ
2548 3658 2633 3710 64.
2684 3661 2743 3706 et

499 3739 675 3806 habet
711 3739 942 3793 Ovidius
978 3755 1112 3806 prae
1150 3742 1351 3791 ceteris
1386 3756 1579 3794 versus
1614 3741 1741 3791 illos
1776 3735 2226 3808 λελυγισμένους.

632 3858 674 3922 ²)
712 3858 836 3909 Huc
863 3874 930 3910 ne
957 3859 1212 3917 referam,
1251 3859 1393 3923 quod
1418 3858 1799 3911 Callimachus
1834 3860 2251 3928 Apollodoro
2288 3859 2599 3912 Aristarchi
2624 3859 2739 3910 dis—

498 3943 683 4008 cipulo
722 3943 868 4008 apud
905 3943 1086 3994 Strab.
1124 3944 1229 3994 VII
1264 3961 1314 4010 p.
1353 3947 1452 3995 299
1492 3945 1647 3994 audit
1688 3937 1843 4012 πάνυ
1888 3938 2377 4012 μεταποιούμενος
2422 3943 2523 4012 τῆς
2558 3962 2736 4012 γραμ-

498 4026 755 4093 ματικῆς,
784 4028 1072 4078 dissuadet
1106 4030 1216 4080 loci
1240 4045 1431 4081 nexuS.
1472 4030 1545 4082 cf.
1572 4031 1768 4081 Lehrsi
1791 4029 2095 4080 Aristar-ch.
2124 4047 2175 4096 p.
2204 4031 2326 4092 255,
2353 4030 2738 4096 Sengebuschi

499 4111 629 4160 dise.
667 4113 824 4164 Hom.
850 4114 876 4162 I
913 4129 963 4178 p.
989 4114 1072 4164 43.
1146 4115 1242 4164 sed
1279 4113 1684 4165 Callimachum
1722 4115 1927 4166 acerbe
1964 4116 2147 4180 carpit
2182 4115 2381 4166 Strabo
2416 4114 2583 4165 valde
2620 4131 2736 4164 me-

499 4194 757 4244 morabili
800 4195 922 4245 loco
959 4198 1038 4246 IX
1073 4200 1188 4258 397,
1240 4187 1399 4263 quem
1437 4203 1565 4264 apte
1614 4215 1833 4265 possem
1878 4199 2177 4262 adhibere,
2223 4201 2282 4249 ni
2326 4199 2593 4265 longioris
2627 4200 2735 4250 hoc

499 4279 888 4340 disputationis
939 4284 1101 4329 esset.
1175 4282 1346 4332 verba
1395 4288 1577 4332 autem
1631 4284 1832 4334 incerti
1879 4285 2030 4348 epici
2077 4301 2111 4334 a
2148 4283 2495 4336 Callimacho
2540 4283 2731 4348 derisi,
