2917 4992
1079 328 1507 392 —65—

191 525 309 564 non
342 506 476 585 ipsa
505 525 580 564 ex
611 502 892 564 Siduntis
919 501 1086 562 urbis
1115 503 1376 563 Plistive
1421 504 1571 564 fluvi
1614 505 1809 565 hortis
1854 512 2177 585 exportata
2220 517 2415 578 erant,

191 607 296 665 sed
324 607 598 666 arborum
627 625 824 683 genus
855 604 936 664 ad
967 625 1102 664 eam
1132 613 1443 684 tamquam
1472 607 1735 685 patriam
1779 605 2206 680 revocabatur,
2256 626 2416 686 quae

189 709 429 787 proprie
472 728 542 766 ac
585 708 866 787 primitus
909 706 1050 764 illas
1095 707 1382 784 gigneret
1426 708 1529 767 vel
1569 708 1909 785 genuisset.
1982 727 2127 766 nam
2170 707 2419 766 diversa

188 809 383 868 hercle
425 829 519 869 res
563 829 696 870 non
741 817 835 868 est
880 807 960 866 de
1015 809 1214 887 pomis
1259 806 1565 887 Cydoniis
1622 809 1885 889 aliisque
1930 809 2271 888 permultis.
2338 809 2417 867 cf.

186 909 596 969 Hermannum
653 910 884 988 griech.
929 909 1393 969 Privatalterth.
1440 906 1480 989 S
1523 918 1589 984 3,
1648 919 1682 973 9
1742 919 1803 969 et
1848 911 1954 990 qui
2010 909 2099 969 ibi
2154 911 2420 970 citantur

188 1009 388 1072 libros.

348 1131 500 1190 Tale
555 1131 742 1208 igitur
794 1149 1039 1210 pomum
1091 1118 1319 1204 ἀπάτης
1379 1121 1535 1210 λόγῳ
1588 1130 1947 1210 inscriptum
1990 1129 2291 1190 Acontius
2338 1131 2417 1189 ad

187 1232 432 1290 nutricis
489 1231 688 1311 pedes
743 1251 940 1310 prope
989 1230 1342 1310 Cydippam
1398 1231 1464 1290 in
1522 1233 1754 1310 templo
1814 1233 2033 1291 stantis
2088 1232 2421 1313 provolvit.

167 1315 436 1392 'Ovidius
479 1333 648 1392 XXI
696 1341 789 1396 107
837 1353 976 1415 sqq.
1021 1325 1035 1346 ‘

479 1457 723 1509 mittitur
765 1458 901 1509 ante
935 1453 1111 1524 pedes
1154 1455 1358 1509 malum
1402 1472 1527 1511 cum
1571 1457 1819 1510 carmine
1864 1456 1968 1510 tali
2005 1484 2091 1495 —

563 1557 616 1610 ei
654 1555 812 1620 mihi,
859 1557 1044 1610 iuravi
1080 1571 1232 1610 nurw
1275 1572 1486 1630 quoque
1525 1571 1707 1628 paene
1751 1557 1887 1611 tibi!

477 1658 703 1712 sustulit
743 1657 847 1713 hoc
891 1659 1094 1712 nutrix
1139 1658 1455 1729 mirataque
1498 1655 1753 1730 ‘perleye
1766 1655 1801 1734 '-
1836 1658 2010 1727 dixit,

563 1759 794 1814 insidias
836 1760 962 1831 le9i‚
1007 1773 1204 1831 mayne
1238 1764 1441 1830 poeta,
1491 1765 1637 1818 tuas.

181 1912 333 1970 quae
376 1891 597 1951 videas
641 1893 777 1971 ipse
826 1911 944 1971 quo
989 1891 1171 1950 modo
1219 1891 1467 1968 singula
1511 1911 1642 1952 cum
1672 1891 2127 1952 Aristaeneteis
2176 1901 2415 1952 coeant.

180 1993 428 2071 ambigit
471 1994 676 2054 nutrix
718 2015 864 2052 num
921 1993 1246 2071 profanum
1303 1992 1529 2051 malum
1574 1995 1678 2067 sit,
1739 1991 1908 2073 quod
1955 1994 2050 2050 cui
2094 1975 2254 2052 forte
2298 1995 2416 2052 vir-

177 2096 410 2172 ginum,
475 2115 634 2175 quae
679 2096 859 2154 simul
917 2094 1145 2154 adsunt
1197 2095 1265 2152 in
1322 2095 1585 2173 temple,
1646 2113 1679 2152 e
1736 2095 1876 2153 sinu
1923 2093 2277 2166 defluxerit,
2338 2114 2461 2170 an,

181 2196 332 2255 deae
379 2198 461 2256 sit
505 2199 826 2256 sacratum.
888 2197 1260 2276 compararis
1295 2194 1677 2256 Catullianos
1722 2214 1936 2254 versus
1964 2194 2147 2255 LXV
2177 2203 2416 2266 19-24,

178 2317 325 2376 quos
360 2317 399 2355 a
430 2297 948 2376 praecedentibus
992 2306 1158 2357 recte
1205 2297 1475 2360 seiunxit
1518 2305 1703 2376 atque
1738 2315 1773 2354 e
1806 2295 2226 2356 Callimachea
2268 2311 2417 2376 qua-

175 2399 314 2456 dam
351 2418 646 2478 expressa
679 2419 814 2458 esse
847 2399 1050 2476 elegia
1077 2397 1599 2479 perprobabiliter
1622 2397 1888 2456 coniecit
1914 2393 2417 2474 Rossbachius¹):

479 2543 546 2594 ut
589 2539 814 2592 missum
856 2539 1046 2609 sponsi
1081 2537 1364 2608 furtivo
1407 2551 1698 2592 munere
1736 2538 1990 2592 malum

558 2641 941 2711 procurrit
982 2643 1174 2694 casto
1215 2639 1525 2710 viryinis
1568 2653 1598 2693 e
1637 2639 1927 2710 yremi0‚

481 2740 627 2812 quod
665 2741 904 2795 miserae
943 2740 1145 2796 oblitae
1188 2740 1337 2795 molli
1375 2738 1476 2794 sub
1519 2745 1670 2794 veste
1710 2739 1953 2793 locatum
1974 2780 1987 2804 ‚

567 2843 696 2897 dum
739 2843 992 2904 adventu.
1026 2844 1226 2898 matris
1256 2841 1518 2914 prosilit,
1565 2843 1885 2909 excutitur,

484 2948 653 3017 atque
693 2943 830 2999 illud
861 2959 1048 3014 prono
1087 2957 1365 3015 praeceps
1409 2944 1603 3015 ayitur
1647 2943 1916 3008 decursu,

563 3045 699 3100 -huic
741 3050 930 3099 ncanat
975 3047 1116 3099 tristi
1155 3047 1412 3100 conscius
1456 3061 1556 3100 ore
1600 3045 1791 3101 rubor.

174 3183 250 3242 cf.
301 3182 496 3259 Prop.
528 3181 561 3238 I
603 3189 654 3252 3,
701 3187 770 3240 23
813 3197 972 3257 sqq„
1018 3178 1298 3257 Alciphr.
1333 3179 1450 3256 frg.
1483 3187 1534 3251 6,
1570 3189 1651 3251 15,
1697 3179 1899 3254 Long.
1941 3184 2103 3255 past.
2134 3177 2239 3234 ΙΙΙ
2266 3183 2353 3248 34,
2388 3186 2423 3237 3

174 3294 232 3343 et
292 3281 558 3342 Luciani
616 3278 1122 3359 Aristaenetique
1191 3279 1332 3338 loca
1399 3299 1588 3358 supra
1655 3279 1859 3338 allata.
1964 3296 2037 3335 ac
2106 3297 2422 3356 pomorum

173 3406 248 3444 ea
297 3381 661 3443 commercia
706 3381 934 3440 furtiva
989 3380 1320 3441 admodum
1377 3379 1671 3440 credibile
1729 3387 1825 3438 est
1880 3386 1995 3458 per
2050 3379 2243 3438 festos
2289 3379 2422 3439 dies

171 3486 446 3546 maxime
490 3483 845 3563 frequentia
887 3483 1190 3560 viguisse,
1249 3481 1417 3542 unde
1479 3501 1673 3560 prona
1722 3481 1931 3540 nutrix
1976 3489 2111 3540 erat
2151 3481 2315 3540 hanc
2356 3483 2421 3540 in

315 3686 356 3748 ¹)
393 3685 569 3736 Nihili
607 3689 763 3746 sunt,
803 3700 942 3749 quae
981 3690 1176 3735 contra
1211 3683 1462 3749 disputat
1496 3684 1821 3734 Schwabius
1857 3685 1916 3732 in
1954 3682 2112 3745 libro,
2152 3683 2243 3746 qui
2278 3681 2424 3730 inter

171 3771 528 3823 scribendum
563 3769 699 3820 mihi
737 3770 984 3834 affertur,
1023 3773 1260 3834 quaestt.
1299 3768 1502 3820 Catull.
1539 3769 1567 3818 Ι
1602 3785 1654 3834 p.
1690 3771 1807 3818 273.
1846 3783 1971 3817 nam
2009 3782 2132 3816 cum
2170 3763 2421 3815 Catullus

170 3857 466 3908 carmina
497 3854 786 3906 Battiadae
821 3869 1076 3918 expressa
1111 3855 1399 3919 promittat
1435 3852 1607 3917 (LXV
1646 3854 1749 3916 16),
1784 3867 1951 3902 unum
1988 3850 2121 3900 dein
2151 3849 2421 3914 praebea-

170 3949 263 3992 tur
292 3939 734 3991 Callimacheum
774 3954 1009 4000 carmen,
1048 3954 1210 4004 porro
1245 3954 1368 3989 cum
1391 3954 1445 3988 v.
1473 3938 1689 3998 19—24‚
1732 3937 1779 3986 si
1807 3936 2239 4000 adiungerentur
2252 3924 2421 3999 ‘prae-

173 4025 524 4086 cedentibus,
561 4024 733 4074 nimio
770 4025 1023 4089 profecto
1057 4023 1297 4090 pondere
1334 4037 1633 4089 parumque
1672 4025 1805 4086 apta
1841 4019 2085 4084 imagine
2116 4017 2421 4083 simplicem

171 4111 549 4161 obliviscendi
586 4109 866 4159 notionem
905 4108 1284 4173 inlustrarent,
1321 4105 1711 4174 perprobabile
1751 4110 1863 4169 est,
1900 4106 1958 4152 in
1996 4103 2190 4153 codice
2230 4103 2422 4152 arche-

170 4203 316 4261 typo
348 4196 493 4244 inter
527 4211 581 4246 v.
607 4195 672 4244 18
699 4198 757 4244 et
784 4195 846 4243 19
884 4209 1046 4242 unam
1086 4193 1434 4243 intercidisse
1474 4190 1730 4241 foliorum
1769 4205 2109 4254 compagem.
2184 4194 2349 4253 atque
2377 4189 2423 4236 is

171 4282 348 4348 plane
383 4279 599 4331 illorum
639 4293 891 4329 versuum
933 4278 1084 4328 color
1122 4283 1226 4341 est,
1263 4282 1324 4326 ut
1362 4294 1390 4327 e
1431 4276 1665 4326 Graecis
1701 4274 1995 4326 videantur
2033 4275 2299 4339 expressi.

243 4380 524 4430 marrier,
565 4379 794 4414 emnam.
1979 4356 2021 4420 5
