2917 4992
1106 334 1525 402 ...25-

167 513 278 572 tis
334 519 845 593 praeceptum
886 510 1124 572 nemini
1165 513 1463 590 ignotum.
1548 513 1777 572 etenim
1820 533 1901 574 ne
1946 513 2211 572 animum
2255 513 2431 573 indu-

171 635 317 688 cas,
377 635 519 677 eum
545 615 928 694 imperiosius
961 623 1191 673 certum
1222 615 1503 692 posuisse
1534 633 1817 674 versuum
1860 633 2201 689 numerum,
2252 635 2433 694 quem

169 717 350 776 ultra
424 717 710 795 nequiret
775 716 1116 775 consistere
1159 714 1494 790 ,laudabile
1562 735 1811 794 poema,
1889 714 2214 777 evidenter
2276 715 2432 775 illud

170 819 368 877 fluxit
419 837 498 878 ex
539 818 929 897 popularium
972 816 1316 878 fabularum
1359 816 1591 877 taedio.
1664 837 1890 895 magna
1950 819 2112 877 enim
2167 818 2275 878 illa
2319 813 2432 892 ἔπη

168 921 374 980 unius
435 920 694 979 maxime
751 919 988 992 heroiS,
1054 918 1490 986 nonnullorum
1545 919 1883 992 interdum,
1940 920 2106 978 facta
2160 919 2435 999 pericula

169 1021 444 1082 labores
491 1020 918 1095 celebrabant,
965 1029 1032 1080 ut
1077 1019 1430 1080 decurreret
1476 1021 1743 1080 narratio
1784 1029 2059 1095 perpetua
2102 1032 2153 1079 et
2185 1025 2439 1080 naturali

168 1129 366 1194 serie,
418 1132 485 1183 ut
527 1131 787 1204 perapte
829 1124 906 1182 F.
946 1121 1026 1182 A.
1072 1122 1351 1182 Wolfius.
1415 1121 1795 1201 Cyrenensis
1839 1122 2025 1200 igitur
2067 1131 2256 1201 poeta
2300 1143 2433 1182 cum

169 1226 347 1285 haee
403 1232 758 1302 argumenta
801 1232 1214 1297 aversaretur,
1262 1224 1611 1284 necessario
1657 1222 2013 1284 vertebatur
2041 1222 2123 1282 ad
2165 1231 2431 1284 tractan-

172 1327 296 1387 das
351 1327 738 1406 potissimum
783 1326 1056 1405 singulas
1093 1324 1332 1386 fabulas
1363 1325 1641 1404 angustis
1673 1325 2157 1406 circumscriptas
2187 1324 2430 1385 finibus.

171 1449 248 1488 ac
299 1429 422 1488 vel
473 1429 732 1488 maxime
784 1427 904 1486 huc
960 1426 1275 1494 faciebant
1331 1425 1580 1486 fabulae
1634 1427 1779 1487 illae
1838 1428 2019 1487 certis
2078 1425 2431 1504 regionibus

171 1529 555 1602 adstrictae,
632 1549 782 1609 quas
836 1529 941 1588 vel
1007 1529 1072 1588 in
1129 1529 1334 1606 longis
1407 1526 1731 1588 itineribus
1793 1529 2169 1608 conquisitas
2229 1529 2332 1587 vel
2390 1549 2428 1588 a

171 1632 534 1711 periegetis
589 1631 894 1690 historicis
952 1631 1215 1709 aliisque
1271 1637 1557 1709 acceptas
1605 1649 1683 1688 ex
1727 1637 1857 1687 arte
1917 1630 2313 1708 praeparavit
2356 1649 2428 1688 ac

169 1732 534 1814 perpolivit
578 1734 893 1812 elegisque
938 1733 1062 1792 suis
1107 1733 1288 1791 tersis
1334 1750 1407 1790 ac
1445 1731 1673 1790 limatis
1703 1730 1971 1790 inclusit.
2034 1729 2200 1810 quod
2231 1749 2428 1808 genus

171 1835 410 1915 poesis
457 1855 588 1892 cum
631 1835 812 1894 unice
858 1833 1179 1913 probaret,
1228 1831 1453 1894 dixerit
1498 1833 1833 1891 Homerum
1875 1835 2310 1908 magniloquum,
2366 1840 2434 1890 ut

175 1937 432 1996 Statius
479 1935 614 1996 silv.
660 1936 719 1996 V
761 1944 812 2008 3,
859 1916 976 1998 62..
1034 1934 1181 1994 hinc
1223 1935 1410 2012 igitur
1456 1933 1773 1994 dicterium
1826 1933 1983 1993 illud
2026 1935 2291 1994 iocosius
2336 1955 2431 1994 so-

173 2059 354 2098 nans
421 2057 601 2118 quam
663 2036 966 2111 severius,
1033 2055 1323 2114 magnum
1382 2035 1602 2095 librum
1659 2055 1795 2095 esse
1856 2036 2083 2095 malum
2145 2056 2433 2114 magnum

177 2139 358 2218 (frg2
390 2147 511 2210 359,
558 2138 635 2196 cf.
667 2138 941 2197 Heckeri
987 2147 1310 2198 comment.
1360 2135 1602 2198 callim.
1647 2159 1709 2217 p.
1741 2135 1857 2213 33),
1882 2128 2049 2195 'hinc
2093 2135 2430 2197 admonitio

175 2242 358 2313 eiUS,
405 2259 488 2299 ne
534 2239 668 2318 quis
714 2260 751 2299 a
794 2259 863 2298 se
907 2240 1043 2319 pari
1086 2240 1239 2299 velit
1282 2235 1430 2316 μέγα
1475 2235 1824 2314 ψοφέουσαν
1868 2228 2085 2311 ἀοιδήν
2133 2236 2233 2315 (fr.
2281 2235 2427 2313 165),

171 2344 338 2402 hine
383 2337 680 2424 Apolloni
727 2342 1078 2419 castigatio,
1128 2343 1232 2421 qui
1278 2340 1564 2401 canenda
1606 2341 1724 2400 sibi
1766 2341 2091 2419 sumpserit
2134 2330 2241 2397 ’ὅσα
2284 2332 2431 2396 πόν-

171 2462 279 2512 τος
329 2429 519 2498 desidet
551 2441 641 2520 (in
671 2442 883 2521 Apoll.
921 2440 1065 2518 106),
1112 2443 1259 2502 hinc
1305 2442 1472 2523 apud
1502 2443 1891 2522 Propertium
1923 2443 1991 2501 II
2023 2453 2071 2516 l,
2104 2450 2174 2503 40
2202 2451 2433 2518 anqusto

163 2553 421 2621 pectore
467 2545 864 2614 Callimachus,
925 2554 987 2604 et
1042 2546 1145 2604 III
1189 2543 1350 2618 33b‚
1394 2552 1466 2605 32
1518 2563 1650 2602 non
1706 2545 1965 2617 inflati
2012 2547 2223 2601 somnia
2268 2545 2431 2602 Calli-

173 2648 392 2704 machi.
471 2653 531 2704 et
586 2644 901 2706 commode
966 2648 1312 2725 profitetur,
1379 2666 1506 2704 non
1576 2665 1797 2704 unum
1840 2664 1907 2704 se
1973 2652 2430 2724 perpetuum

177 2767 441 2809 carmen
487 2745 865 2821 confecisse,
913 2737 1020 2823 οὐχ
1057 2746 1130 2806 ἓν
1175 2737 1384 2822 ἄεισμα
1429 2740 1695 2820 διηνεκές
1742 2743 1883 2823 (frg.
1916 2752 2037 2818 287,
2086 2743 2252 2825 quod
2299 2745 2429 2823 ple-

176 2850 333 2909 nius
380 2850 446 2906 in
488 2847 764 2907 Bekkeri
807 2847 1073 2908 anecdd.
1120 2848 1227 2910 Gr.
1261 2850 1329 2907 II
1373 2869 1434 2927 p.
1468 2857 1570 2910 505
1618 2855 1679 2907 et
1708 2847 1811 2905 ΠΙ
1854 2867 1916 2926 p.
1954 2854 2105 2920 1117,
2155 2847 2233 2906 cf.
2263 2847 2427 2906 Nae-

176 2953 362 3012 kium
404 2950 559 3008 Hec.
605 2971 668 3028 p.
715 2959 785 3013 33
828 2970 921 3029 sq.
972 2959 1032 3010 et
1075 2951 1352 3009 Bastium
1409 2948 1489 3007 ad
1539 2948 1728 3026 Greg.
1779 2947 1920 3008 Cor.
1964 2969 2027 3027 p.
2071 2945 2223 3025 899),
2282 2969 2430 3028 quo-

181 3073 328 3112 cum
378 3051 606 3110 utiliter
637 3052 967 3112 contuleris
999 3053 1149 3111 Hor.
1184 3070 1364 3110 carm.
1397 3052 1430 3109 I
1462 3057 1512 3125 7,
1547 3060 1579 3110 5
1599 3071 1737 3130 sqq.
1786 3059 1848 3109 et
1885 3051 2152 3109 Martial.
2185 3051 2311 3109 VII
2340 3059 2429 3113 63.

182 3153 428 3213 scilicet
471 3153 636 3210 aetia
689 3153 1056 3232 respiciens,
1119 3153 1452 3229 elegiarum
1495 3151 1665 3212 nullo
1711 3152 2131 3211 continuitatis
2182 3150 2427 3209 vinculo

183 3256 531 3313 iunctarum
586 3254 1064 3330 conlectionem,
1133 3254 1220 3312 ita
1274 3255 1444 3333 loqui
1498 3251 1746 3312 videtur
1791 3250 2198 3312 Callimachus
2216 3246 2289 3330 ¹).
2367 3259 2429 3310 at

191 3357 404 3414 mirum
476 3353 745 3414 debebat
807 3353 1040 3429 videri,
1110 3354 1378 3415 eundem
1445 3375 1583 3414 esse
1654 3362 1961 3413 auctorem
2015 3353 2194 3412 huius
2262 3353 2426 3431 frag-

193 3457 385 3516 menti
439 3454 627 3534 (138)·

682 3553 785 3615 καὶ
829 3547 932 3616 τὸν
976 3552 1072 3617 ἐπὶ
1117 3548 1324 3638 ῥάβδῳ
1367 3559 1569 3634 μῦθον
1614 3546 2026 3662 ὑφαινόμενον

597 3647 807 3734 ηνεκὲς
849 3651 1026 3720 ἀείδω
1069 3654 1435 3738 δειδεγμένος
1451 3658 1535 3739 ²).

331 3858 373 3925 1)
409 3861 609 3927 Itaque
655 3861 872 3913 fallitur
904 3861 1153 3913 Naekius
1189 3861 1329 3914 Hec.
1365 3876 1419 3926 p.
1457 3863 1523 3912 29
1562 3866 1617 3912 et
1650 3863 1745 3925 34,
1794 3862 1888 3926 qui
1924 3861 2114 3910 eodem
2149 3857 2274 3909 loco
2314 3858 2429 3908 alia

195 3961 408 4011 quoque
435 3945 577 3997 falso
605 3945 674 3998 ad
697 3947 1031 4011 prooemium
1049 3947 1301 3998 Hecalae
1326 3947 1513 3997 traxit.
1562 3945 1658 3996 sed
1685 3945 1922 3996 omnium
1947 3944 2182 3994 maxime
2207 3942 2420 3994 Hecke-

191 4047 284 4081 rus
322 4035 470 4081 errat
502 4032 541 4081 1.
581 4047 629 4082 c.
637 4045 644 4050 ·
667 4047 719 4096 p.
755 4032 848 4092 49,
899 4031 991 4096 qui
1029 4031 1176 4083 falsa
1211 4030 1372 4081 falsis
1410 4029 1653 4081 cumulat
1700 4034 1821 4079 tota
1868 4026 2269 4093 disputatione,
2318 4043 2429 4093 qua

191 4117 459 4167 ficticium
493 4131 651 4166 suum
686 4115 873 4166 aetion
903 4119 1168 4182 proloqum
1199 4119 1451 4180 yaleatum
1488 4114 1850 4166 commendat.
2478 4099 2482 4103 ⁵

325 4199 370 4265 ²)
409 4199 725 4252 Meinekius
751 4198 968 4251 Gallim.
1007 4217 1059 4265 p.
1086 4201 1186 4251 272
1216 4215 1268 4251 n.
1295 4200 1491 4250 scribit
1526 4191 1754 4265 ζηνεκὲς
1788 4187 1966 4250 ἀείδω
1992 4192 2426 4262 δεδιδαγμένος.

186 4286 288 4337 sed
321 4289 557 4350 utraque
604 4277 906 4335 mutatione
954 4299 1089 4351 opus
1134 4298 1245 4334 non
1294 4289 1396 4336 est.
1470 4299 1598 4334 nam
1642 4284 1847 4335 bonum
1892 4286 1977 4333 est
2024 4277 2225 4348 η’νεκὲς
2261 4287 2426 4347 atque
