2917 4992
1171 339 1638 404 —139—

436 533 514 572 en
557 515 778 573 iterum
823 512 1022 574 scribo
1068 515 1368 594 mittoque
1411 517 1699 593 rogantia
1740 515 1961 577 verba:

514 616 710 675 altera
755 616 920 682 fraus
963 617 1120 675 haec
1166 625 1260 676 est
1305 616 1599 696 quodque
1647 620 1919 697 queraris
1966 619 2179 680 habes.

321 726 386 778 35
431 718 484 777 si
529 739 757 793 noceo,
807 717 974 798 quod
1019 738 1187 792 amo,
1235 718 1465 792 fateor,
1512 720 1649 779 sine
1692 720 1817 778 fine
1861 719 2155 796 nocebo„¹

513 828 731 900 teque,
779 821 911 900 peti
955 837 1178 878 caveas
1223 828 1291 879 tu
1335 820 1509 894 licet,
1554 839 1753 900 usque
1799 829 2027 900 petam.

431 941 544 1000 per
587 921 826 999 gladios
873 922 978 980 alii
1023 920 1280 1000 placitas
1324 941 1588 1000 rapuere
1631 923 1906 1002 puellas:

513 1024 742 1101 scripta
784 1023 932 1082 mihi
979 1031 1155 1083 caute
1199 1024 1406 1083 littera
1451 1025 1682 1083 crimen
1728 1024 1887 1083 erit?

429 1123 492 1183 di
536 1125 768 1184 faciant
813 1127 1044 1204 possim
1085 1126 1294 1205 plures
1338 1125 1647 1204 inponere
1690 1125 1922 1199 nodos,

313 1235 384 1286 40
511 1235 580 1285 ut
623 1235 727 1285 tua
771 1226 851 1287 sit
895 1226 1068 1286 nulla
1113 1226 1310 1286 libera
1353 1236 1533 1307 parte
1574 1227 1769 1287 fides!

426 1328 594 1387 mille
640 1327 768 1387 doli
811 1336 1066 1388 restant.
1129 1328 1288 1388 clivo
1336 1329 1623 1388 sudamus
1666 1331 1733 1387 in
1777 1330 1919 1388 imo.

511 1429 694 1490 ardor
739 1431 1133 1510 inexpertum
1176 1431 1267 1490 nil
1312 1431 1477 1491 sinet
1524 1450 1660 1490 esse
1704 1450 1896 1489 meus,

430 1527 530 1610 [sit
576 1531 823 1592 dubium
866 1533 1152 1611 possisne
1199 1534 1371 1610 capi,
1420 1530 1749 1610 captabere
1796 1541 1981 1591 certe.

511 1635 708 1692 exitus
753 1635 819 1692 in
868 1633 962 1693 dis
1011 1643 1136 1709 est,
1184 1631 1297 1693 sed
1343 1634 1589 1713 capiere
1632 1631 1885 1712 tamem]

305 1743 380 1794 45
425 1743 490 1792 ιιι
534 1743 774 1813 partem
819 1735 1108 1812 effugias,
1158 1756 1287 1794 non
1333 1737 1539 1794 omnia
1581 1735 1741 1794 retia
1785 1735 2000 1809 falles,

509 1856 667 1915 quae
713 1835 822 1895 tibi
871 1857 1051 1916 quam
1096 1836 1295 1895 credis
1340 1838 1520 1916 plura
1564 1835 1831 1895 tetendit
1875 1837 2081 1896 Amor.

423 1937 475 1996 si
520 1958 646 1996 non
692 1939 1015 2016 proficient
1060 1946 1252 2012 artes,
1299 1931 1620 1996 veniemus
1666 1937 1749 1995 ad
1794 1958 1989 2010 arma,

507 2039 697 2118 inque
743 2041 831 2099 tui
878 2039 1100 2118 cupido
1147 2048 1326 2118 rapta
1369 2039 1573 2098 ferere
1618 2040 1776 2098 sinu.

421 2161 548 2198 non
593 2162 723 2200 sum
769 2142 874 2220 qui
919 2142 1152 2200 soleam
1194 2140 1438 2200 Paridis
1484 2140 1949 2219 reprehendere
1994 2142 2249 2218 factum,

297 2251 377 2302 50
495 2238 622 2301 'nec
667 2263 1060 2322 quemquam,
1112 2245 1244 2322 qui,
1291 2243 1388 2302 vir
1431 2249 1644 2321 posset
1684 2250 1753 2301 ut
1799 2261 1967 2316 esse,
2014 2244 2149 2304 fuit.

421 2363 534 2402 nos
582 2364 830 2423 quoque
873 2375 959 2385 —
1001 2344 1115 2402 sed
1160 2353 1357 2403 taceo.
1426 2363 1586 2402 mors
1631 2344 1809 2404 huius
1854 2365 2062 2424 poena
2104 2349 2365 2427 rapinae

504 2453 570 2503 ut
615 2446 722 2518 sit,
773 2446 916 2519 erit,
967 2431 1149 2525 quam
1191 2454 1254 2505 te
1299 2465 1427 2504 non
1474 2444 1794 2519 habuisse,
1841 2447 2060 2516 minor.

421 2554 525 2605 aut
571 2567 738 2606 esses
785 2547 1050 2606 formosa
1092 2548 1322 2619 minuS,
1371 2556 1659 2626 peterere
1701 2547 2012 2607 modestet

506 2648 770 2708 audaces
817 2650 976 2708 facie
1023 2649 1294 2726 cogimur
1339 2667 1477 2706 esse
1522 2657 1645 2706 tua.

299 2759 371 2810 55
418 2756 484 2848 tu
528 2749 678 2809 facis
722 2751 840 2809 hoc
886 2751 1167 2829 oculique
1213 2750 1330 2822 tui,
1381 2749 1601 2828 quibus
1646 2749 1835 2826 ignea
1879 2750 2110 2810 cedunt

503 2849 738 2918 sidera,
788 2853 892 2931 qui
936 2853 1214 2910 flammae
1260 2871 1444 2910 causa
1490 2852 1663 2910 fuere
1707 2871 1917 2924 meae,

419 2951 536 3009 hoc
580 2952 813 3011 faciunt
855 2953 1001 3011 flavi
1047 2947 1246 3012 crine's
1295 2961 1356 3012 et
1403 2952 1675 3012 eburnea
1721 2955 1931 3013 cervix

505 3045 818 3133 quaeque,
865 3074 1115 3132 precor,
1161 3056 1420 3113 veniant
1465 3056 1531 3112 in
1575 3073 1713 3112 mea
1759 3056 1917 3115 colla
1960 3079 2175 3118 manus

413 3281 462 3314 v.
501 3264 568 3314 34
603 3228 976 3329 quodq‘ss‘eraris
1010 3263 1117 3312 Pl..
1159 3291 1218 3298 —
1256 3280 1308 3312 v.
1349 3264 1414 3313 35
1449 3265 1525 3313 sic
1558 3264 1623 3313 L.
1666 3289 1730 3298 ——
1766 3281 1817 3316 v,
1843 3266 1909 3314 36
1946 3271 2093 3331 teque
2126 3274 2296 3330 petam
2331 3285 2514 3321 caveas

237 3341 328 3398 ‘tu
365 3351 482 3398 lieet
517 3350 628 3412 ipse
659 3355 832 3412 petam
867 3347 952 3396 Pl
978 3347 1024 3396 L
1049 3347 1154 3409 Ρ2,
1195 3354 1342 3412 teque
1371 3355 1546 3411 petam
1580 3364 1761 3398 caveas
1798 3357 1852 3398 tu
1886 3351 2005 3399 licet
2038 3353 2152 3414 ipsa
2182 3359 2355 3416 petam
2383 3355 2431 3405 G
2456 3356 2513 3420 S,

269 3443 422 3499 teque
463 3441 638 3496 petam
681 3447 863 3482 caveas
911 3439 964 3482 tu
1009 3434 1126 3482 licet
1159 3434 1276 3496 ipsa
1306 3435 1420 3496 peti
1454 3436 1711 3504 quattuor
1745 3432 1877 3482 libri
1912 3433 2145 3497 Heinsi,
2198 3437 2293 3502 qui
2330 3439 2513 3489 conie-
2584 3418 2589 3423 ¹

269 3519 350 3566 cit
387 3525 560 3582 teque,
609 3520 720 3582 peti
761 3533 944 3567 caveas
996 3523 1049 3565 tu
1083 3518 1224 3574 lieet,
1271 3532 1426 3581 usque
1462 3524 1647 3580 petam.
1686 3543 1749 3552 —-
1795 3532 1845 3569 v.
1882 3520 1948 3568 37
1982 3522 2220 3583 placidas
2256 3523 2342 3572 Pl
2383 3523 2430 3574 G
2466 3527 2515 3574 L

269 3603 381 3650 P2.
437 3627 500 3636 -
547 3617 599 3651 v.
637 3605 702 3652 39
739 3604 812 3652 dii
845 3601 891 3650 L
929 3601 1016 3649 Ρ2
1053 3600 1109 3651 S,
1176 3617 1379 3665 possem
1413 3601 1501 3650 Pl
1530 3601 1605 3658 L.
1674 3604 1923 3668 inponere
1958 3604 2074 3666 Pl,
2129 3607 2387 3671 imponere
2426 3625 2512 3658 ce-

270 3687 400 3738 teri.
447 3713 513 3720 —-
557 3703 610 3736 v.
642 3687 706 3735 41
752 3689 881 3736 mille
926 3687 1062 3736 modi
1094 3685 1141 3734 L
1180 3684 1231 3738 S.
1290 3685 1557 3736 subdamus
1593 3691 1646 3736 z'n
1680 3704 1780 3737 uno
1816 3687 1879 3737 L.
1916 3713 1977 3722 -
2026 3705 2078 3739 v.
2112 3691 2177 3739 42
2212 3693 2335 3740 sinit
2371 3690 2418 3740 G
2448 3693 2513 3753 L,

278 3800 361 3846 sin
343 3762 490 3846 “Pa
512 3821 576 3830 -·-·
601 3812 653 3846 v.
679 3797 745 3846 43
765 3810 844 3859 sq.
875 3795 1300 3860 circumscripsi.
1322 3821 1389 3830 —-
1412 3813 1467 3845 v.
1486 3797 1553 3845 44
1576 3798 1629 3845 in
1654 3799 1753 3846 diis
1776 3797 1864 3845 Ρ2
1891 3794 1943 3854 S,
1970 3799 2170 3847 insidiis
2194 3799 2257 3851 L.
2287 3826 2350 3835 -
2375 3816 2424 3850 v.
2446 3803 2514 3852 46

271 3882 460 3930 eredas
495 3880 775 3930 Heinsius·
815 3906 874 3915 —
913 3896 964 3929 v.
1001 3881 1067 3929 47
1097 3880 1374 3944 proficiunt
1413 3879 1489 3941 G,
1533 3883 1810 3944 proficiant
1840 3880 1906 3928 L.
1946 3908 2009 3916 —-
2045 3899 2098 3932 v.
2134 3884 2201 3934 48
2242 3885 2394 3950 inque
2442 3891 2517 3936 tui

270 3991 490 4054 cupidus
527 3993 583 4039 et
616 3989 674 4038 in
709 3990 959 4054 margine
995 3992 1145 4055 inque
1181 4005 1287 4038 meo
1325 3991 1511 4054 cupido
1546 3991 1661 4052 Pl,
1706 3993 1857 4056 inque
1894 3949 1969 4040 32}
2014 3993 2199 4055 cupido
2240 3993 2311 4057 G,
2360 3996 2512 4060 inque

268 4075 370 4124 mei
403 4076 588 4138 cupido
624 4075 710 4124 Ρ2
748 4073 811 4136 S,
849 4075 1023 4172 rinque
1057 4089 1164 4124 meo
1198 4075 1374 4138 cupidi
1415 4074 1701 4124 Heinsius.
1748 4101 1810 4110 —-
1865 4093 1917 4131 v.
1952 4078 2019 4127 49
2062 4079 2268 4127 solleam
2302 4079 2515 4130 Paridi-s·

1666 4145 1683 4177 t

269 4185 590 4247 reprendere
628 4184 692 4246 S,
754 4185 1048 4252 dependere
1086 4183 1150 4234 G.
1195 4209 1262 4218 --
1318 4199 1369 4237 v.
1407 4185 1475 4234 50
1511 4199 1671 4249 posse
1714 4193 1769 4236 ut
1802 4186 1917 4248 Pl,
1961 4188 2128 4250 possit
2162 4187 2209 4236 L
2239 4188 2328 4238 P2
2354 4187 2408 4239 S.
2447 4215 2511 4224 —
2616 4163 2619 4166 ἡ

269 4309 323 4344 v.
352 4293 418 4343 53
456 4292 497 4344 Ο
519 4309 662 4344 esses
683 4296 788 4348 Ρ2.
828 4321 887 4328 -
927 4311 979 4346 v.
1017 4295 1082 4346 55
1118 4302 1169 4345 tu
1170 4259 1337 4358 qfacis
1373 4296 1601 4360 oculique
1637 4296 1840 4345 P1.—
1881 4314 1933 4347 v·
1961 4295 2039 4348 57
2057 4298 2183 4364 flavi
2206 4297 2410 4361 faciunt
2446 4297 2511 4352 G.
