2917 4992
1131 369 1595 436 -121-

260 545 418 604 mina
477 544 722 603 soleant
801 542 878 602 ab
961 545 1334 621 argumentis
1415 546 1612 624 petita
1670 541 1905 623 esse¹),
1972 545 2302 627 Cydippae
2367 569 2479 608 no·-

259 665 392 706 men
437 645 586 704 licet
630 645 816 704 facile
859 645 939 704 sit
985 643 1268 704 derivatu
1319 645 1489 706 nullo
1542 655 1722 725 pacto
1776 649 1841 708 in
1885 646 2152 707 fabulam
2199 649 2478 728 quadrat.

259 756 320 806 at
374 747 541 807 enim
600 747 719 805 hoc
775 767 901 806 non
959 767 1096 806 raro
1157 767 1270 807 usu
1327 750 1541 808 evenit
1592 751 1655 808 in
1718 770 1790 810 eo
1848 769 2110 827 genere,
2166 759 2234 810 ut
2276 751 2479 812 nullus

259 851 566 911 nominum
622 869 756 908 cum
813 855 1172 928 argumento
1219 869 1414 910 nexus
1459 849 1639 911 nobis
1688 851 1969 929 dignosci
2016 860 2223 930 queat.
2314 852 2479 932 quod

257 950 590 1012 rettulerim
635 949 716 1008 ad
759 951 944 1010 miras
989 950 1446 1011 vicissitudines
1508 973 1657 1032 quas
1701 953 1819 1012 hae
1864 953 2156 1012 historiae
2204 952 2479 1014 diversas

261 1053 552 1131 deinceps
607 1053 896 1130 regiones
954 1061 1363 1130 pervagatae,
1421 1055 1607 1114 variis
1664 1054 1847 1114 rebus
1904 1053 2178 1133 locisque
2224 1053 2480 1134 adapta-

257 1163 351 1213 tae
393 1153 715 1214 subierunt
758 1153 1128 1233 pleraeque,
1187 1152 1266 1212 ad
1324 1154 1608 1215 similium
1652 1154 1994 1216 fabularum
2037 1155 2481 1234 permixtiones

259 1257 645 1316 confusiones
693 1255 1244 1315 contaminationes
1289 1254 1467 1315 nobis
1511 1276 1757 1336 prorsus
1787 1255 2268 1317 inextricabiles.
2330 1279 2480 1338 quos

259 1357 500 1438 quidem
557 1377 732 1417 casus
783 1355 1114 1436 Cydippae
1173 1377 1420 1436 quoque
1476 1354 1743 1418 fabulam
1797 1357 1962 1418 haud
2022 1360 2319 1432 evitasse,
2378 1359 2483 1420 vel

256 1460 395 1518 hinc
439 1459 666 1537 conligi
714 1466 944 1537 potest,
995 1457 1162 1538 quod
1205 1459 1271 1517 in
1321 1477 1394 1518 ea
1436 1460 1665 1538 primas
1710 1468 1903 1538 agunt
1932 1461 2105 1538 virgo
2136 1460 2481 1520 Athenien-

257 1563 363 1636 sis,
411 1559 778 1620 adulescens
813 1558 992 1634 Oeus,
1042 1561 1318 1640 quamvis
1348 1561 1608 1620 Deliaco
1656 1559 1897 1622 cuidam
1940 1562 2083 1620 ritui
2126 1563 2483 1622 inservierit

258 1661 644 1742 explicando.
736 1669 798 1720 et
839 1661 957 1721 hoc
1001 1670 1168 1721 certe
1213 1661 1360 1722 licet
1405 1661 1728 1723 affirmare.
1803 1672 1869 1723 ut
1915 1681 2127 1722 omnes
2174 1663 2481 1741 legendae

259 1784 408 1844 quae
469 1762 720 1842 quidem
779 1762 1044 1824 eandem
1101 1783 1284 1842 quam
1326 1763 1435 1824 illa
1479 1761 1711 1843 probae
1754 1765 2076 1824 vetustatis
2122 1772 2331 1824 notam
2377 1783 2479 1844 ge-

257 1874 420 1940 rant,
480 1865 676 1944 primo
721 1866 858 1924 sine
903 1865 1107 1924 colore
1153 1863 1523 1942 aetiologico
1583 1865 1799 1944 populi
1856 1884 1960 1923 ore
2017 1865 2479 1925 circumfereba-

256 1976 360 2041 tur,
409 1966 614 2026 donec
658 1965 900 2025 deflexa
943 1967 1153 2026 nescio
1201 1964 1418 2045 quibus
1464 1965 1663 2025 modis
1709 1965 2015 2046 rebusque
2061 1967 2337 2028 Deliacis
2384 1989 2479 2027 ac-

262 2069 574 2128 comodata
629 2087 761 2127 cum
819 2069 1082 2147 nuptiali
1141 2067 1406 2146 quadam
1467 2068 1839 2127 caerimonia
1880 2069 2143 2128 Deliaca
2199 2078 2480 2129 conecte-

254 2179 412 2229 retur
455 2189 610 2230 sane
655 2178 948 2246 cognata,
997 2189 1130 2228 cum
1177 2189 1254 2228 ex
1300 2167 1520 2228 eodem
1563 2167 1842 2247 symbolo
1882 2177 2069 2248 atque
2100 2170 2237 2248 ipsa
2268 2169 2481 2230 fabula

257 2279 581 2332 manasset.
643 2271 819 2349 plura
864 2271 916 2329 si
960 2271 1165 2330 rimari
1209 2271 1527 2344 vellemus,
1576 2278 1817 2330 nosmet
1859 2270 2069 2330 hercle
2099 2271 2479 2350 privaremus

259 2372 438 2432 laude
495 2371 734 2438 virtutis
803 2392 840 2430 a
901 2370 1288 2449 Quintiliano
1350 2370 1847 2446 commendatae,
1919 2373 2024 2451 qui
2079 2372 2339 2446 diceret,
2402 2372 2480 2432 de

259 2475 511 2534 vetustis
555 2473 826 2532 historiis
872 2473 1080 2552 aliqua
1125 2475 1518 2551 grammatico
1568 2493 1703 2533 esse
1748 2473 2105 2534 nescienda.

249 2561 254 2566 ³
413 2577 550 2636 Iam
593 2595 826 2634 summa
869 2575 1151 2654 promissi
1196 2595 1308 2654 pro
1354 2576 1517 2634 virili
1563 2583 1740 2654 parte
1786 2575 2093 2654 completa
2134 2596 2323 2636 unum
2365 2577 2482 2635 hoc

254 2678 536 2738 relicuum
568 2683 720 2750 est0,
765 2684 833 2735 ut
874 2677 942 2734 in
989 2684 1182 2736 artem
1225 2684 1412 2756 atque
1455 2675 1731 2735 indolem
1764 2676 2220 2736 Callimacheae
2265 2697 2476 2757 narra-

255 2780 433 2840 tionis
488 2788 816 2858 utcumque
873 2777 1336 2857 redintegratae
1395 2797 1726 2857 parumper
1783 2779 2147 2839 intueamur.
2235 2779 2300 2837 in
2360 2798 2478 2858 quo

256 2883 454 2942 aetion
497 2881 714 2940 merito
761 2880 1180 2959 neglegemus,
1230 2881 1521 2960 quoniam
1563 2881 1681 2940 isto
1715 2900 1814 2940 res
1860 2878 2201 2940 subtexitur
2232 2901 2480 2960 prorsus

379 3133 420 3199 1)
459 3132 788 3184 Welekerus
823 3133 900 3184 kl.
939 3132 1091 3184 Schr.
1129 3135 1158 3184 Ι
1194 3151 1248 3200 p.
1291 3135 1387 3184 186
1417 3149 1496 3199 sq.
1568 3134 1647 3184 Es
1680 3136 1750 3185 isc
1784 3137 1865 3185 ein
1896 3150 2111 3198 yrosser
2142 3134 2484 3184 Vnterscht‘ed

250 3221 488 3270 zwisalten
534 3219 840 3284 mythiseken
875 3220 1163 3277 Per-sonen,
1210 3221 1294 3270 die
1339 3220 1392 3268 in
1436 3221 1533 3269 der
1566 3218 1703 3282 Saye
1739 3222 1822 3269 ein
1854 3219 2253 3284 selbstaendiqes
2286 3219 2482 3268 Das-ein

249 3303 430 3364 haben,
466 3305 574 3353 und
604 3305 750 3353 sollte
786 3321 841 3353 es
877 3321 974 3353 nur
1007 3306 1060 3354 in
1096 3307 1191 3355 der
1227 3304 1382 3354 Seelle
1417 3303 1678 3362 bes-tehen,
1728 3305 1811 3354 die
1855 3305 1930 3354 sie
1965 3305 2017 3352 in
2053 3309 2195 3352 einer
2232 3303 2481 3354 Genealo-

246 3390 326 3450 ffl‘e
361 3389 665 3446 einnelzmen,
701 3391 807 3438 und
836 3389 1040 3438 soleken
1065 3389 1274 3446 Numen,
1309 3389 1496 3438 welche
1532 3405 1627 3437 nur
1660 3404 1769 3438 zum
1792 3388 1975 3450 Bellus*
2000 3388 2143 3438 einer
2166 3389 2481 3453 Diektuny

249 3473 434 3524 ueber
456 3473 878 3522 menseklieke
899 3473 1272 3524 Sekielcsale
1296 3473 1952 3537 undEmpfindunyen
1976 3488 2330 3538 anyenommen
2345 3476 2480 3524 sind.
2567 3473 2571 3476 ’

249 3557 392 3607 Aucle
425 3575 493 3607 an
528 3559 610 3606 die
646 3557 953 3621 mythis-chen
975 3558 1241 3608 Personen
1275 3558 1513 3608 koennen
1545 3558 1714 3608 sole-ke
1738 3558 2057 3622 Dicktunyen
2092 3559 2482 3622 anyesehlossen

247 3643 472 3696 werden,
512 3641 792 3689 natuerliclz
825 3643 911 3690 mit
947 3641 1250 3690 Ruecksiekt
1283 3643 1382 3705 auf
1409 3644 1493 3693 die
1529 3641 1815 3692 bekannten
1854 3642 2169 3692 Charaktere
2203 3645 2309 3693 und
2348 3642 2479 3693 Ver-

247 3724 516 3775 haeltnisse
552 3725 845 3774 derselben:
879 3727 933 3774 in
967 3725 1358 3789 Erzaelzlunyen
1393 3727 1533 3784 aber,
1570 3729 1655 3777 die
1690 3728 1847 3777 ohne
1881 3727 2113 3791 iryend
2145 3728 2327 3777 einen
2366 3727 2480 3775 Zu-

245 3811 682 3873 sammenlzany
715 3811 822 3858 mit
867 3812 980 3859 der
1015 3810 1417 3875 Mytholoyie
1464 3812 1599 3862 bles
1633 3811 1865 3861 Bilder
1900 3813 2007 3861 des
2042 3811 2291 3862 Lebens
2326 3813 2481 3861 oder

248 3893 581 3957 lebendiye
617 3892 904 3957 Symbole
948 3893 1452 3943 verschiedener
1497 3896 1570 3943 im
1605 3894 2049 3958 Allyemeinen
2090 3895 2225 3944 sich
2266 3895 2480 3956 ,qleielz

247 3974 621 4026 bleibender
673 3979 798 4026 und
843 3979 1396 4028 wiederlzolender
1439 3981 1564 4028 und
1607 3977 1757 4028 eben
1801 3978 2100 4028 des-‹shall›
2145 3995 2235 4027 um
2278 3995 2347 4030 so
2390 3980 2479 4028 82⁰-

247 4060 476 4111 cher-er
510 4063 1040 4126 anspreclzender
1071 4063 1563 4113 Ver-kaeltnisse
1599 4063 1953 4121 eumenen,
1988 4065 2109 4113 sind
2128 4065 2179 4112 in
2205 4065 2301 4113 der
2324 4064 2483 4128 Re9el

245 4147 514 4210 passende,
539 4148 951 4198 ausdrueksvolle
973 4147 1166 4196 Numen
1187 4149 1447 4212 yewaeklc,
1472 4147 1659 4197 welche
1682 4147 2000 4211 notkwendiy
2024 4149 2153 4197 nach
2178 4149 2273 4198 der
2300 4147 2479 4198 Wart-

247 4227 524 4294 bedeutuny
555 4247 841 4295 ¹qenommen
875 4233 1082 4282 werden
1115 4248 1356 4292 muessen,
1394 4234 1463 4283 da
1498 4233 1637 4282 disse
1672 4234 1819 4282 einen
1849 4232 1993 4282 Theil
2024 4234 2121 4283 der
2143 4234 2327 4284 Poesie
2363 4248 2478 4282 aus-

248 4315 424 4364 macht.
989 4326 994 4332 '
