2917 4992
1291 310 1747 376 «108-

585 489 922 571 Otesyllam
985 487 1174 548 Oeam
1229 486 1679 546 Hermochares
1725 484 2131 546 Atheniensis
2188 483 2331 543 dum
2375 484 2651 566 Pythiae

413 591 580 652 Ceae
624 589 1013 650 celebrantur
1058 589 1342 648 choream
1406 588 1566 648 vidit
1620 595 1908 668 agentem
1972 586 2052 646 ad
2118 607 2285 646 aram
2329 585 2649 684 Apollinis

414 692 722 753 Carthaei.
810 692 1086 770 protinus
1131 691 1398 769 flagrans
1440 690 1699 770 virginis
1756 688 2066 748 desiderio
2111 689 2177 747 in
2218 688 2376 750 malo
2430 689 2651 748 inscri-

411 795 536 873 psit
566 794 900 867 formulam,
948 812 1062 873 per
1095 813 1277 873 quam
1304 793 1412 852 illa
1439 793 1649 852 Diana
1678 792 1968 850 invocata
2007 791 2237 850 iuraret
2279 809 2347 848 se
2375 791 2651 850 Hermo-

413 895 581 956 chari
625 903 970 975 nupturam,
1017 895 1364 975 malumque
1408 893 1672 972 proiecit
1715 893 1781 950 in
1828 893 2039 952 fanum
2066 891 2333 952 Dianae.
2394 891 2645 952 sublato

409 998 515 1058 illo
551 996 830 1078 Ctesylla
872 995 1292 1056 iusiurandum
1321 995 1490 1072 legit,
1540 1014 1659 1074 quo
1705 995 1867 1053 facto
1899 1012 2051 1074 prae
2092 992 2329 1072 pudore
2375 1013 2650 1072 propere

412 1099 655 1162 abiecit.
686 1129 770 1142 ——
801 1099 1154 1158 Alcidamas
1183 1117 1332 1156 vero
1367 1095 1685 1176 Ctesyllae
1729 1103 1908 1174 pater
1935 1095 2339 1155 Hermochari
2370 1095 2653 1174 puellam

411 1203 476 1262 in
551 1200 998 1262 matrimonium
1066 1198 1430 1278 deposcenti
1501 1197 1718 1256 adnuit
1784 1197 2099 1277 Apollinis
2166 1197 2344 1257 simul
2410 1197 2657 1257 laurum

410 1312 697 1381 tangens,
788 1302 1020 1361 exactis
1067 1309 1280 1360 autem.
1311 1299 1557 1380 Pythiis
1602 1298 1826 1358 oblitus
1882 1299 2208 1358 iuramenti
2250 1299 2358 1358 alii
2402 1298 2657 1358 cuidam

410 1404 598 1464 filiam
644 1410 900 1482 nuptum
957 1401 1148 1461 dedit.
1249 1409 1313 1460 at
1355 1399 1805 1461 Hermochares
1868 1420 2001 1460 cum
2053 1399 2301 1461 videret
2355 1400 2522 1460 illam
2576 1401 2655 1459 in

410 1506 641 1584 templo
687 1504 1130 1564 sacrificantem
1173 1504 1445 1581 graviter
1501 1502 1765 1561 afflictus
1788 1536 1793 1542 ·
1820 1502 2020 1575 irruit,
2080 1521 2262 1581 quem
2312 1502 2521 1562 statim
2579 1511 2659 1562 ut

411 1607 569 1666 vidit
600 1605 907 1665 -divinitus
953 1606 1180 1664 amavit
1212 1605 1512 1684 Otesylla.
1587 1623 1660 1662 ac
1702 1623 1769 1664 re
1815 1623 1929 1683 per
1963 1603 2263 1665 nutricem
2307 1604 2657 1682 composita

413 1708 589 1768 ambo
638 1708 793 1767 clam
837 1715 1018 1766 nocte
1061 1705 1343 1766 Athenas
1389 1705 1691 1783 navigant
1732 1707 2105 1786 nuptiasque
2160 1705 2246 1764 ibi
2304 1706 2655 1785 perficiunt.

411 1811 475 1870 in
522 1818 703 1889 partu
747 1817 949 1869 autem
996 1808 1273 1889 Otesylla
1318 1807 1469 1867 obiit
1516 1807 1729 1866 divina
1770 1808 2117 1881 voluntate,
2186 1808 2362 1888 quia
2418 1815 2657 1887 pater

412 1913 929 1991 peieraverat.
1035 1916 1096 1968 et
1153 1929 1287 1968 cum
1343 1908 1612 1968 cadaver
1677 1909 1810 1968 eius
1878 1909 2195 1968 efferretur
2263 1929 2297 1968 e
2359 1908 2659 1979 lecticula

415 2012 694 2072 columba
737 2012 1090 2072 subvolavit
1135 2031 1254 2071 nec
1297 2011 1499 2091 potuit
1542 2017 1842 2069 mortuum
1888 2029 2107 2088 corpus
2152 2003 2440 2070 in'v'eniri.
2501 2029 2655 2069 con-

412 2116 642 2175 sulenti
697 2135 845 2174 vero
904 2114 1211 2172 oraculum
1267 2112 1667 2172 Hermochari
1726 2131 2093 2191 responsum
2159 2121 2281 2184 est,
2348 2123 2417 2172 ut
2478 2109 2655 2191 apud

411 2217 668 2276 Iulietas
699 2216 993 2292 templum
1023 2223 1285 2293 poneret
1316 2215 1374 2274 V
1395 2234 1428 2272 e
1449 2214 1659 2272 neris
1693 2212 2140 2292 Otesyllae,
2191 2213 2478 2293 idemque
2514 2233 2655 2272 ora-

414 2319 612 2378 culum
645 2317 786 2377 Oeis
821 2336 1064 2396 quoque
1098 2315 1250 2376 deus
1283 2314 1501 2374 edidit.
1576 2313 1745 2374 unde
1775 2315 2001 2374 factum
2034 2323 2175 2388 ests
2202 2323 2269 2374 ut
2314 2316 2659 2375 etiamnum

413 2419 678 2478 Iulietae
724 2419 931 2478 colant
974 2419 1287 2478 Venerem
1333 2416 1705 2498 Ctesyllam‚
1766 2417 1956 2476 ceteri
1998 2416 2271 2477 insulani
2314 2417 2659 2478 Dianam

417 2520 868 2601 Ctesyllam.

585 2623 896 2683 Vniversa
937 2621 1116 2680 huius
1172 2620 1467 2682 historiae
1528 2620 1852 2699 dispositio
1909 2620 2016 2679 vel
2060 2621 2418 2680 oeconomia
2464 2640 2660 2700 quam

413 2725 493 2784 sit
544 2724 706 2783 mala
762 2744 835 2783 ac
891 2723 1148 2783 confusa
1201 2723 1308 2782 vix
1367 2723 1565 2800 fugiet
1624 2742 2019 2803 quemquam,
2088 2742 2207 2781 nec
2262 2721 2419 2800 fugit
2473 2723 2659 2780 Butt-

411 2845 703 2885 mannum
751 2823 835 2902 (v.
881 2825 924 2884 l.
973 2845 1022 2884 c.
1069 2846 1132 2903 p.
1185 2822 1331 2900 129).
1418 2843 1632 2885 verum
1689 2824 1850 2883 ultra
1902 2823 2453 2902 reprehensionem
2505 2844 2657 2902 pro-

415 2924 593 3004 gredi
639 2923 953 2985 debemuS.
1042 2925 1242 2985 nodus
1277 2927 1441 2985 enim
1486 2923 1737 2985 fabulae
1786 2925 2056 2984 cernitur
2099 2925 2165 2983 in
2194 2925 2657 2986 Alcidamantis

414 3025 842 3101 iureiurando,
908 3046 1026 3107 quo
1071 3026 1258 3086 filiam
1302 3027 1627 3107 pollicetur
1670 3026 2073 3086 Hermochari
2117 3026 2431 3105 prehensa
2472 3026 2658 3086 lauro

413 3129 774 3208 Apollinea.
864 3149 994 3189 non
1026 3129 1146 3188 nisi
1192 3148 1270 3188 ex
1311 3128 1418 3188 illo
1450 3129 1621 3188 laeso
1668 3129 1949 3207 profecta
1979 3137 2122 3188 sunt
2170 3148 2327 3208 quae
2359 3137 2662 3189 secuntur

415 3232 639 3290 omnia.
688 3230 854 3311 quod
887 3251 1022 3289 cum
1051 3231 1138 3289 ita
1168 3231 1264 3303 sit,
1299 3249 1402 3288 cur
1433 3249 1663 3310 quaeso
1693 3228 1973 3310 Ctesylla
2001 3231 2252 3308 fingitur
2280 3229 2448 3290 idem
2476 3231 2658 3309 prius

413 3334 649 3391 iurasse
679 3333 923 3391 invita?
970 3331 1138 3412 quod
1185 3331 1434 3410 quidem
1464 3331 1568 3390 ubi
1614 3331 1871 3410 primum
1916 3332 2091 3409 legis,
2142 3351 2215 3390 eo
2261 3333 2395 3412 ipso
2444 3331 2657 3392 credis

416 3432 664 3493 fabulae
695 3432 926 3492 nodum
957 3434 1278 3492 contineri.
1341 3432 1453 3492 sed
1486 3433 1657 3492 nullo
1690 3439 1870 3511 pacto
1903 3431 1968 3491 id
2013 3433 2225 3492 valere
2270 3433 2337 3491 in
2382 3451 2459 3492 ea
2502 3452 2656 3492 con·

413 3533 740 3594 formanda
786 3554 944 3615 quae
989 3543 1211 3615 postea
1257 3535 1574 3608 eveniunt,
1621 3554 1764 3593 mox
1802 3534 2123 3615 perspicis.
2184 3534 2397 3614 itaque
2429 3534 2528 3593 fac
2556 3541 2655 3593 ta-

413 3638 536 3697 lem
568 3656 704 3697 esse
737 3635 1034 3696 fabulam:
1083 3635 1424 3715 Gtesyllam
1451 3636 1696 3717 Pythiis
1727 3637 1924 3694 visam
1944 3635 2394 3696 Hermochares
2429 3634 2664 3704 dilexit

417 3747 478 3798 et
537 3739 605 3797 in
641 3738 1116 3798 ·matrimonium
1171 3738 1378 3817 petiit,
1455 3736 1794 3818 despondit
1845 3741 2027 3818 pater
2086 3757 2140 3798 e.
2188 3758 2249 3818 q.
2294 3758 2344 3798 s.
2433 3757 2659 3798 nonne

413 3841 602 3900 multo
650 3841 736 3900 ita
782 3840 1141 3900 concinnior
1187 3840 1260 3899 et'
1293 3841 1539 3918 planior
1582 3838 1868 3919 procedit
1922 3839 2175 3898 fabula?
2234 3858 2425 3919 quare
2482 3841 2663 3919 pomi

416 3941 665 4022 Cydoni
707 3943 902 4002 iactus
946 3962 1060 4022 pro
1107 3941 1304 4002 otioso
1352 3949 1414 4000 et
1451 3941 1707 4001 molesto
1763 3948 2127 4001 ornamento
2172 3940 2497 4001 habendus
2530 3951 2659 4002 est.

417 4044 599 4122 quale
647 4063 780 4102 cum
823 4051 1076 4122 respuat
1127 4043 1372 4122 mythus
1430 4043 1645 4122 populi
1704 4044 1957 4120 ingenio
2014 4051 2369 4122 procreatus
2417 4061 2662 4123 oreque

417 4143 827 4217 circumlatuS,
887 4153 954 4203 ut
997 4145 1062 4202 in
1111 4165 1230 4224 quo
1277 4153 1426 4224 apta
1470 4165 1543 4203 ac
1586 4145 1942 4204 necessaria
1988 4147 2222 4219 omnia,
2280 4145 2437 4203 nihil
2482 4145 2667 4224 quod

416 4243 721 4325 pendeat,
780 4245 937 4304 nihil
981 4243 1147 4324 quod
1191 4264 1302 4306 sua
1348 4265 1565 4306 caussa
1611 4245 1805 4320 adsit,
1860 4246 1969 4306 vix
2014 4227 2129 4306 erit
2174 4244 2451 4320 dubium,
2498 4246 2671 4326 quin
