<?xml version="1.0" encoding="UTF-8"?>
<!DOCTYPE html PUBLIC "-//W3C//DTD XHTML 1.0 Transitional//EN"
    "http://www.w3.org/TR/xhtml1/DTD/xhtml1-transitional.dtd">
<html xmlns="http://www.w3.org/1999/xhtml" xml:lang="en" lang="en">
 <head>
  <title>
</title>
<meta http-equiv="Content-Type" content="text/html;charset=utf-8" />
  <meta name='ocr-system' content='tesseract 3.04.00' />
  <meta name='ocr-capabilities' content='ocr_page ocr_carea ocr_par ocr_line ocrx_word'/>
</head>
<body>
  <div class='ocr_page' id='page_1' title='image "./decallimachicyd00ovidgoog_0176.png"; bbox 0 0 2917 4992; ppageno 0'>
   <div class='ocr_carea' id='block_1_1' title="bbox 1312 334 1773 398">
    <p class='ocr_par' dir='ltr' id='par_1_1' title="bbox 1312 334 1773 398">
     <span class='ocr_line' id='line_1_1' title="bbox 1312 334 1773 398; baseline 0.004 -2"><span class='ocrx_word' id='word_1_1' title='bbox 1312 334 1773 398; x_wconf 85' lang='lat'>—160—</span> 
     </span>
    </p>
   </div>
   <div class='ocr_carea' id='block_1_2' title="bbox 289 495 2677 3700">
    <p class='ocr_par' dir='ltr' id='par_1_2' title="bbox 299 495 2677 910">
     <span class='ocr_line' id='line_1_2' title="bbox 299 495 2677 576; baseline 0 -20"><span class='ocrx_word' id='word_1_2' title='bbox 299 507 397 557; x_wconf 82' lang='lat'><strong><em>125</em></strong></span> <span class='ocrx_word' id='word_1_3' title='bbox 432 501 618 572; x_wconf 81' lang='grc' dir='ltr'><strong><em>λέγειν</em></strong></span> <span class='ocrx_word' id='word_1_4' title='bbox 661 521 732 557; x_wconf 88' lang='grc' dir='ltr'><strong><em>ου</em></strong></span> <span class='ocrx_word' id='word_1_5' title='bbox 780 498 1063 572; x_wconf 86' lang='grc' dir='ltr'><strong><em>δύναμαι,</em></strong></span> <span class='ocrx_word' id='word_1_6' title='bbox 1116 504 1177 557; x_wconf 91' lang='grc' dir='ltr'><strong><em>τί</em></strong></span> <span class='ocrx_word' id='word_1_7' title='bbox 1214 495 1350 557; x_wconf 79' lang='grc' dir='ltr'><strong><em>ποτ’</em></strong></span> <span class='ocrx_word' id='word_1_8' title='bbox 1385 495 1460 557; x_wconf 68' lang='grc' dir='ltr'><strong><em>ἄν</em></strong></span> <span class='ocrx_word' id='word_1_9' title='bbox 1498 499 1733 576; x_wconf 70' lang='grc' dir='ltr'><strong><em>ἔλαττον</em></strong></span> <span class='ocrx_word' id='word_1_10' title='bbox 1767 499 2017 570; x_wconf 78' lang='grc' dir='ltr'><strong><em>θέλοιμι.</em></strong></span> <span class='ocrx_word' id='word_1_11' title='bbox 2088 505 2499 573; x_wconf 87' lang='grc' dir='ltr'><strong><em>κατατείνομαι</em></strong></span> <span class='ocrx_word' id='word_1_12' title='bbox 2533 506 2677 556; x_wconf 85' lang='grc' dir='ltr'><strong><em>πολ·-</em></strong></span> 
     </span>
     <span class='ocr_line' id='line_1_3' title="bbox 431 579 2672 658; baseline -0 -16"><span class='ocrx_word' id='word_1_13' title='bbox 431 586 623 654; x_wconf 87' lang='grc' dir='ltr'><strong><em>λάκις,</em></strong></span> <span class='ocrx_word' id='word_1_14' title='bbox 671 579 758 641; x_wconf 78' lang='grc' dir='ltr'><strong><em>ὅτι</em></strong></span> <span class='ocrx_word' id='word_1_15' title='bbox 796 604 884 642; x_wconf 91' lang='grc' dir='ltr'><strong><em>σοι</em></strong></span> <span class='ocrx_word' id='word_1_16' title='bbox 921 589 1022 644; x_wconf 85' lang='grc' dir='ltr'><strong><em>τοῦ</em></strong></span> <span class='ocrx_word' id='word_1_17' title='bbox 1057 579 1258 655; x_wconf 85' lang='grc' dir='ltr'><strong><em>άλγεῖν</em></strong></span> <span class='ocrx_word' id='word_1_18' title='bbox 1293 583 1481 649; x_wconf 75' lang='grc' dir='ltr'><strong><em>αἴτιός</em></strong></span> <span class='ocrx_word' id='word_1_19' title='bbox 1517 587 1635 656; x_wconf 82' lang='grc' dir='ltr'><strong><em>εἰμι</em></strong></span> <span class='ocrx_word' id='word_1_20' title='bbox 1670 588 1778 640; x_wconf 94' lang='grc' dir='ltr'><strong><em>καί</em></strong></span> <span class='ocrx_word' id='word_1_21' title='bbox 1811 604 1871 641; x_wconf 91' lang='grc' dir='ltr'><strong><em>σε</em></strong></span> <span class='ocrx_word' id='word_1_22' title='bbox 1906 588 1999 656; x_wconf 46' lang='grc' dir='ltr'><strong><em>τῇ]</em></strong></span> <span class='ocrx_word' id='word_1_23' title='bbox 2024 585 2133 657; x_wconf 76' lang='grc' dir='ltr'><strong><em>ἐμῇ</em></strong></span> <span class='ocrx_word' id='word_1_24' title='bbox 2166 589 2397 658; x_wconf 80' lang='grc' dir='ltr'><strong><em>μηχανῇ</em></strong></span> <span class='ocrx_word' id='word_1_25' title='bbox 2430 582 2672 657; x_wconf 85' lang='grc' dir='ltr'><strong><em>βλάπτε-</em></strong></span> 
     </span>
     <span class='ocr_line' id='line_1_4' title="bbox 431 665 2676 741; baseline 0 -15"><span class='ocrx_word' id='word_1_26' title='bbox 431 675 575 726; x_wconf 88' lang='grc' dir='ltr'><strong><em>σθαι</em></strong></span> <span class='ocrx_word' id='word_1_27' title='bbox 612 673 839 741; x_wconf 74' lang='grc' dir='ltr'><strong><em>οἴομαι,</em></strong></span> <span class='ocrx_word' id='word_1_28' title='bbox 887 671 971 733; x_wconf 90' lang='grc' dir='ltr'><strong><em>εἰς</em></strong></span> <span class='ocrx_word' id='word_1_29' title='bbox 1014 667 1121 740; x_wconf 85' lang='grc' dir='ltr'><strong><em>τὴν</em></strong></span> <span class='ocrx_word' id='word_1_30' title='bbox 1166 666 1309 740; x_wconf 73' lang='grc' dir='ltr'><strong><em>ἐμήν</em></strong></span> <span class='ocrx_word' id='word_1_31' title='bbox 1345 665 1400 724; x_wconf 87' lang='grc' dir='ltr'><strong><em>δ’</em></strong></span> <span class='ocrx_word' id='word_1_32' title='bbox 1441 666 1685 725; x_wconf 79' lang='grc' dir='ltr'><strong><em>ἱκετεύω</em></strong></span> <span class='ocrx_word' id='word_1_33' title='bbox 1711 666 1972 740; x_wconf 72' lang='grc' dir='ltr'><strong><em>κεφαλήν</em></strong></span> <span class='ocrx_word' id='word_1_34' title='bbox 2007 669 2074 726; x_wconf 80' lang='grc' dir='ltr'><strong><em>αἴ</em></strong></span> <span class='ocrx_word' id='word_1_35' title='bbox 2105 673 2206 740; x_wconf 85' lang='grc' dir='ltr'><strong><em>τῆς</em></strong></span> <span class='ocrx_word' id='word_1_36' title='bbox 2242 673 2549 740; x_wconf 74' lang='grc' dir='ltr'><strong><em>δεσποίνης</em></strong></span> <span class='ocrx_word' id='word_1_37' title='bbox 2588 669 2676 726; x_wconf 62' lang='lat'><strong><em>5³.-</em></strong></span> 
     </span>
     <span class='ocr_line' id='line_1_5' title="bbox 432 749 2675 825; baseline -0.001 -15"><span class='ocrx_word' id='word_1_38' title='bbox 432 760 604 810; x_wconf 87' lang='grc' dir='ltr'><strong><em>θοιεν</em></strong></span> <span class='ocrx_word' id='word_1_39' title='bbox 638 757 1005 824; x_wconf 81' lang='grc' dir='ltr'><strong><em>ψευδορκίαι,</em></strong></span> <span class='ocrx_word' id='word_1_40' title='bbox 1057 758 1158 825; x_wconf 81' lang='grc' dir='ltr'><strong><em>τῆς</em></strong></span> <span class='ocrx_word' id='word_1_41' title='bbox 1195 749 1259 809; x_wconf 86' lang='grc' dir='ltr'><strong><em>δ’</em></strong></span> <span class='ocrx_word' id='word_1_42' title='bbox 1297 750 1435 825; x_wconf 75' lang='grc' dir='ltr'><strong><em>ἐμῆς</em></strong></span> <span class='ocrx_word' id='word_1_43' title='bbox 1470 756 1744 825; x_wconf 82' lang='grc' dir='ltr'><strong><em>τιμωρίας</em></strong></span> <span class='ocrx_word' id='word_1_44' title='bbox 1782 749 2320 823; x_wconf 78' lang='grc' dir='ltr'><strong><em>ἐκείνηέλεύθερος</em></strong></span> <span class='ocrx_word' id='word_1_45' title='bbox 2351 749 2541 825; x_wconf 65' lang='grc' dir='ltr'><strong><em>ἥτωί).</em></strong></span> <span class='ocrx_word' id='word_1_46' title='bbox 2591 749 2675 817; x_wconf 75' lang='grc' dir='ltr'><strong><em>ὥς</em></strong></span> 
     </span>
     <span class='ocr_line' id='line_1_6' title="bbox 431 832 2674 910; baseline 0 -16"><span class='ocrx_word' id='word_1_47' title='bbox 431 832 507 896; x_wconf 68' lang='grc' dir='ltr'><strong><em>ἂν</em></strong></span> <span class='ocrx_word' id='word_1_48' title='bbox 544 838 609 894; x_wconf 78' lang='grc' dir='ltr'><strong><em>δὲ</em></strong></span> <span class='ocrx_word' id='word_1_49' title='bbox 645 835 789 910; x_wconf 87' lang='grc' dir='ltr'><strong><em>μηδ’</em></strong></span> <span class='ocrx_word' id='word_1_50' title='bbox 825 835 1106 910; x_wconf 81' lang='grc' dir='ltr'><strong><em>άγνοοίην</em></strong></span> <span class='ocrx_word' id='word_1_51' title='bbox 1141 843 1203 894; x_wconf 84' lang='grc' dir='ltr'><strong><em>τί</em></strong></span> <span class='ocrx_word' id='word_1_52' title='bbox 1233 857 1371 894; x_wconf 88' lang='grc' dir='ltr'><strong><em>ποτε</em></strong></span> <span class='ocrx_word' id='word_1_53' title='bbox 1405 835 1698 907; x_wconf 87' lang='grc' dir='ltr'><strong><em>πράττεις,</em></strong></span> <span class='ocrx_word' id='word_1_54' title='bbox 1747 836 2099 909; x_wconf 88' lang='grc' dir='ltr'><strong><em>πυκνότερον</em></strong></span> <span class='ocrx_word' id='word_1_55' title='bbox 2145 835 2239 894; x_wconf 68' lang='grc' dir='ltr'><strong><em>ἐπὶ</em></strong></span> <span class='ocrx_word' id='word_1_56' title='bbox 2284 842 2397 894; x_wconf 85' lang='grc' dir='ltr'><strong><em>τών</em></strong></span> <span class='ocrx_word' id='word_1_57' title='bbox 2442 839 2674 908; x_wconf 85' lang='grc' dir='ltr'><strong><em>προθύ-</em></strong></span> 
     </span>
    </p>

    <p class='ocr_par' dir='ltr' id='par_1_3' title="bbox 297 916 2674 1247">
     <span class='ocr_line' id='line_1_7' title="bbox 297 916 2672 994; baseline -0.001 -15"><span class='ocrx_word' id='word_1_58' title='bbox 297 930 394 979; x_wconf 87' lang='grc'><strong><em>130</em></strong></span> <span class='ocrx_word' id='word_1_59' title='bbox 431 944 545 994; x_wconf 88' lang='grc' dir='ltr'><strong><em>ρων</em></strong></span> <span class='ocrx_word' id='word_1_60' title='bbox 571 918 931 994; x_wconf 72' lang='grc' dir='ltr'><strong><em>ὀδυνώμενος</em></strong></span> <span class='ocrx_word' id='word_1_61' title='bbox 958 925 1129 991; x_wconf 80' lang='grc' dir='ltr'><strong><em>δεῦρο</em></strong></span> <span class='ocrx_word' id='word_1_62' title='bbox 1153 916 1385 978; x_wconf 82' lang='grc' dir='ltr'><strong><em>κάκεῖσε</em></strong></span> <span class='ocrx_word' id='word_1_63' title='bbox 1420 919 1496 984; x_wconf 78' lang='grc' dir='ltr'><strong><em>ὥς</em></strong></span> <span class='ocrx_word' id='word_1_64' title='bbox 1530 920 1714 993; x_wconf 81' lang='grc' dir='ltr'><strong><em>μηδὲν</em></strong></span> <span class='ocrx_word' id='word_1_65' title='bbox 1748 918 2120 994; x_wconf 76' lang='grc' dir='ltr'><strong><em>ἐπιστάμενος</em></strong></span> <span class='ocrx_word' id='word_1_66' title='bbox 2155 921 2306 993; x_wconf 76' lang='grc' dir='ltr'><strong><em>εἶμι,</em></strong></span> <span class='ocrx_word' id='word_1_67' title='bbox 2356 921 2573 994; x_wconf 76' lang='grc' dir='ltr'><strong><em>ἕπομαί</em></strong></span> <span class='ocrx_word' id='word_1_68' title='bbox 2606 942 2672 977; x_wconf 88' lang='grc' dir='ltr'><strong><em>τε</em></strong></span> 
     </span>
     <span class='ocr_line' id='line_1_8' title="bbox 431 1001 2674 1079; baseline -0.001 -17"><span class='ocrx_word' id='word_1_69' title='bbox 431 1006 629 1079; x_wconf 86' lang='grc' dir='ltr'><strong><em>λάθρα</em></strong></span> <span class='ocrx_word' id='word_1_70' title='bbox 664 1011 734 1079; x_wconf 85' lang='grc' dir='ltr'><strong><em>τῇ</em></strong></span> <span class='ocrx_word' id='word_1_71' title='bbox 768 1010 1049 1078; x_wconf 78' lang='grc' dir='ltr'><strong><em>παιδίσκῃ</em></strong></span> <span class='ocrx_word' id='word_1_72' title='bbox 1083 1007 1184 1062; x_wconf 80' lang='grc' dir='ltr'><strong><em>καὶ</em></strong></span> <span class='ocrx_word' id='word_1_73' title='bbox 1220 1008 1320 1062; x_wconf 85' lang='grc' dir='ltr'><strong><em>τὸν</em></strong></span> <span class='ocrx_word' id='word_1_74' title='bbox 1356 1005 1588 1078; x_wconf 81' lang='grc' dir='ltr'><strong><em>οἰκέτην</em></strong></span> <span class='ocrx_word' id='word_1_75' title='bbox 1624 1001 1940 1077; x_wconf 79' lang='grc' dir='ltr'><strong><em>άνερευνώ,</em></strong></span> <span class='ocrx_word' id='word_1_76' title='bbox 1992 1006 2075 1071; x_wconf 90' lang='grc' dir='ltr'><strong><em>εἰς</em></strong></span> <span class='ocrx_word' id='word_1_77' title='bbox 2117 1012 2178 1063; x_wconf 89' lang='grc' dir='ltr'><strong><em>τί</em></strong></span> <span class='ocrx_word' id='word_1_78' title='bbox 2210 1026 2299 1062; x_wconf 92' lang='grc' dir='ltr'><strong><em>σοι</em></strong></span> <span class='ocrx_word' id='word_1_79' title='bbox 2334 1003 2674 1077; x_wconf 76' lang='grc' dir='ltr'><strong><em>προυχώρη·</em></strong></span> 
     </span>
     <span class='ocr_line' id='line_1_9' title="bbox 434 1085 2673 1163; baseline -0.001 -15"><span class='ocrx_word' id='word_1_80' title='bbox 434 1111 533 1149; x_wconf 90' lang='grc' dir='ltr'><strong><em>σεν</em></strong></span> <span class='ocrx_word' id='word_1_81' title='bbox 567 1089 598 1149; x_wconf 87' lang='grc' dir='ltr'>ὁ</span> <span class='ocrx_word' id='word_1_82' title='bbox 634 1085 843 1160; x_wconf 78' lang='grc' dir='ltr'><strong><em>ύπνος,</em></strong></span> <span class='ocrx_word' id='word_1_83' title='bbox 885 1091 969 1155; x_wconf 89' lang='grc' dir='ltr'><strong><em>εἰς</em></strong></span> <span class='ocrx_word' id='word_1_84' title='bbox 1005 1093 1066 1146; x_wconf 89' lang='grc' dir='ltr'><strong><em>τί</em></strong></span> <span class='ocrx_word' id='word_1_85' title='bbox 1099 1089 1158 1146; x_wconf 92' lang='grc' dir='ltr'><strong><em>δ’</em></strong></span> <span class='ocrx_word' id='word_1_86' title='bbox 1192 1089 1229 1161; x_wconf 82' lang='grc' dir='ltr'><strong><em>ἡ</em></strong></span> <span class='ocrx_word' id='word_1_87' title='bbox 1271 1088 1477 1162; x_wconf 85' lang='grc' dir='ltr'><strong><em>τροφή.</em></strong></span> <span class='ocrx_word' id='word_1_88' title='bbox 1549 1092 1707 1162; x_wconf 74' lang='grc' dir='ltr'><strong><em>οἴμοι</em></strong></span> <span class='ocrx_word' id='word_1_89' title='bbox 1743 1095 1821 1160; x_wconf 72' lang='grc' dir='ltr'><strong><em>τῷ</em></strong></span> <span class='ocrx_word' id='word_1_90' title='bbox 1855 1088 2141 1162; x_wconf 79' lang='grc' dir='ltr'><strong><em>δυστήνῳ,</em></strong></span> <span class='ocrx_word' id='word_1_91' title='bbox 2178 1085 2264 1147; x_wconf 78' lang='grc' dir='ltr'><strong><em>ὅτι</em></strong></span> <span class='ocrx_word' id='word_1_92' title='bbox 2298 1089 2377 1163; x_wconf 82' lang='grc' dir='ltr'><strong><em>μὴ</em></strong></span> <span class='ocrx_word' id='word_1_93' title='bbox 2414 1099 2542 1154; x_wconf 91' lang='grc' dir='ltr'><strong><em>ταῖς</em></strong></span> <span class='ocrx_word' id='word_1_94' title='bbox 2580 1087 2673 1146; x_wconf 77' lang='grc' dir='ltr'><strong><em>έν-</em></strong></span> 
     </span>
     <span class='ocr_line' id='line_1_10' title="bbox 428 1171 2670 1247; baseline -0.001 -15"><span class='ocrx_word' id='word_1_95' title='bbox 428 1183 622 1242; x_wconf 81' lang='grc' dir='ltr'><strong><em>τολαῖς</em></strong></span> <span class='ocrx_word' id='word_1_96' title='bbox 665 1172 1059 1247; x_wconf 79' lang='grc' dir='ltr'><strong><em>ὖπηρετοῦμαι</em></strong></span> <span class='ocrx_word' id='word_1_97' title='bbox 1093 1179 1208 1230; x_wconf 78' lang='grc' dir='ltr'><strong><em>τών</em></strong></span> <span class='ocrx_word' id='word_1_98' title='bbox 1245 1176 1455 1244; x_wconf 82' lang='grc' dir='ltr'><strong><em>ἰατρών</em></strong></span> <span class='ocrx_word' id='word_1_99' title='bbox 1492 1177 1592 1232; x_wconf 83' lang='grc' dir='ltr'><strong><em>καὶ</em></strong></span> <span class='ocrx_word' id='word_1_100' title='bbox 1627 1174 1797 1242; x_wconf 75' lang='grc' dir='ltr'><strong><em>πιέζω</em></strong></span> <span class='ocrx_word' id='word_1_101' title='bbox 1833 1173 1941 1246; x_wconf 85' lang='grc' dir='ltr'><strong><em>τὴν</em></strong></span> <span class='ocrx_word' id='word_1_102' title='bbox 1976 1183 2140 1246; x_wconf 88' lang='grc' dir='ltr'><strong><em>χεῖρα</em></strong></span> <span class='ocrx_word' id='word_1_103' title='bbox 2187 1175 2288 1231; x_wconf 79' lang='grc' dir='ltr'><strong><em>καὶ</em></strong></span> <span class='ocrx_word' id='word_1_104' title='bbox 2325 1171 2670 1245; x_wconf 49' lang='lat' dir='ltr'><strong><em>§umam-mn</em></strong></span> 
     </span>
    </p>

    <p class='ocr_par' dir='ltr' id='par_1_4' title="bbox 295 1254 2675 1584">
     <span class='ocr_line' id='line_1_11' title="bbox 295 1254 2669 1333; baseline -0.002 -15"><span class='ocrx_word' id='word_1_105' title='bbox 295 1269 392 1319; x_wconf 87' lang='lat'><strong><em>135</em></strong></span> <span class='ocrx_word' id='word_1_106' title='bbox 427 1265 504 1332; x_wconf 81' lang='grc' dir='ltr'><strong><em>τῷ</em></strong></span> <span class='ocrx_word' id='word_1_107' title='bbox 541 1261 721 1333; x_wconf 87' lang='grc' dir='ltr'><strong><em>λέχει·</em></strong></span> <span class='ocrx_word' id='word_1_108' title='bbox 765 1263 921 1332; x_wconf 74' lang='grc' dir='ltr'><strong><em>οἴμοι</em></strong></span> <span class='ocrx_word' id='word_1_109' title='bbox 956 1263 1054 1316; x_wconf 83' lang='grc' dir='ltr'><strong><em>καὶ</em></strong></span> <span class='ocrx_word' id='word_1_110' title='bbox 1091 1255 1270 1323; x_wconf 74' lang='grc' dir='ltr'><strong><em>αὖθις</em></strong></span> <span class='ocrx_word' id='word_1_111' title='bbox 1305 1263 1384 1328; x_wconf 73' lang='grc' dir='ltr'><strong><em>τῷ</em></strong></span> <span class='ocrx_word' id='word_1_112' title='bbox 1420 1259 1705 1331; x_wconf 81' lang='grc' dir='ltr'><strong><em>δυστήνῳ,</em></strong></span> <span class='ocrx_word' id='word_1_113' title='bbox 1744 1255 1831 1315; x_wconf 85' lang='grc' dir='ltr'><strong><em>’ὄτι</em></strong></span> <span class='ocrx_word' id='word_1_114' title='bbox 1866 1256 2057 1331; x_wconf 80' lang='grc' dir='ltr'><strong><em>πόρρω</em></strong></span> <span class='ocrx_word' id='word_1_115' title='bbox 2084 1257 2317 1315; x_wconf 77' lang='grc' dir='ltr'><strong><em>ἐκεῖθεν</em></strong></span> <span class='ocrx_word' id='word_1_116' title='bbox 2342 1254 2669 1331; x_wconf 59' lang='grc' dir='ltr'><strong><em>α’πήτησαθ)</em></strong></span> 
     </span>
     <span class='ocr_line' id='line_1_12' title="bbox 429 1337 2671 1416; baseline -0.001 -14"><span class='ocrx_word' id='word_1_117' title='bbox 429 1343 704 1416; x_wconf 80' lang='grc' dir='ltr'><strong><em>ἐμαυτόν,</em></strong></span> <span class='ocrx_word' id='word_1_118' title='bbox 754 1337 821 1401; x_wconf 74' lang='grc' dir='ltr'><strong><em>ὃν</em></strong></span> <span class='ocrx_word' id='word_1_119' title='bbox 857 1341 920 1400; x_wconf 89' lang='grc' dir='ltr'><strong><em>δ’</em></strong></span> <span class='ocrx_word' id='word_1_120' title='bbox 954 1339 1144 1416; x_wconf 80' lang='grc' dir='ltr'><strong><em>ἥκιστ’</em></strong></span> <span class='ocrx_word' id='word_1_121' title='bbox 1179 1337 1258 1400; x_wconf 67' lang='lat' dir='ltr'><strong><em>Bc&#39;v</em></strong></span> <span class='ocrx_word' id='word_1_122' title='bbox 1304 1341 1564 1416; x_wconf 74' lang='grc' dir='ltr'><strong><em>ἐθέλοιμι</em></strong></span> <span class='ocrx_word' id='word_1_123' title='bbox 1610 1345 1886 1414; x_wconf 86' lang='grc' dir='ltr'><strong><em>πάρεστιν</em></strong></span> <span class='ocrx_word' id='word_1_124' title='bbox 1939 1347 2071 1408; x_wconf 71' lang='grc' dir='ltr'><strong><em>ἴσως</em></strong></span> <span class='ocrx_word' id='word_1_125' title='bbox 2105 1339 2274 1408; x_wconf 76' lang='grc' dir='ltr'><strong><em>ἄλλος</em></strong></span> <span class='ocrx_word' id='word_1_126' title='bbox 2312 1341 2447 1400; x_wconf 76' lang='grc' dir='ltr'><strong><em>ἐκεῖ.</em></strong></span> <span class='ocrx_word' id='word_1_127' title='bbox 2520 1342 2671 1400; x_wconf 76' lang='grc' dir='ltr'><strong><em>ἐκεῖ·</em></strong></span> 
     </span>
     <span class='ocr_line' id='line_1_13' title="bbox 429 1422 2670 1500; baseline 0 -15"><span class='ocrx_word' id='word_1_128' title='bbox 429 1450 528 1496; x_wconf 91' lang='grc' dir='ltr'><strong><em>νος</em></strong></span> <span class='ocrx_word' id='word_1_129' title='bbox 574 1433 688 1485; x_wconf 83' lang='grc' dir='ltr'><strong><em>τών</em></strong></span> <span class='ocrx_word' id='word_1_130' title='bbox 735 1432 938 1500; x_wconf 84' lang='grc' dir='ltr'><strong><em>χειρών</em></strong></span> <span class='ocrx_word' id='word_1_131' title='bbox 982 1426 1198 1485; x_wconf 87' lang='grc' dir='ltr'><strong><em>τούτων</em></strong></span> <span class='ocrx_word' id='word_1_132' title='bbox 1243 1422 1487 1484; x_wconf 74' lang='grc' dir='ltr'><strong><em>ἅπτεται</em></strong></span> <span class='ocrx_word' id='word_1_133' title='bbox 1522 1431 1621 1486; x_wconf 79' lang='grc' dir='ltr'><strong><em>καὶ</em></strong></span> <span class='ocrx_word' id='word_1_134' title='bbox 1656 1428 1998 1498; x_wconf 86' lang='grc' dir='ltr'><strong><em>παρεδρεύει</em></strong></span> <span class='ocrx_word' id='word_1_135' title='bbox 2034 1432 2105 1500; x_wconf 81' lang='grc' dir='ltr'><strong><em>τῇ</em></strong></span> <span class='ocrx_word' id='word_1_136' title='bbox 2138 1423 2468 1499; x_wconf 83' lang='grc' dir='ltr'><strong><em>άσθενούσῃ</em></strong></span> <span class='ocrx_word' id='word_1_137' title='bbox 2503 1448 2670 1500; x_wconf 89' lang='grc' dir='ltr'><strong><em>μιση-</em></strong></span> 
     </span>
     <span class='ocr_line' id='line_1_14' title="bbox 426 1510 2675 1584; baseline 0 -16"><span class='ocrx_word' id='word_1_138' title='bbox 426 1512 524 1576; x_wconf 80' lang='grc' dir='ltr'><strong><em>τὸς</em></strong></span> <span class='ocrx_word' id='word_1_139' title='bbox 557 1520 679 1577; x_wconf 90' lang='grc' dir='ltr'><strong><em>τοῖς</em></strong></span> <span class='ocrx_word' id='word_1_140' title='bbox 715 1519 882 1577; x_wconf 86' lang='grc' dir='ltr'><strong><em>θεοῖς</em></strong></span> <span class='ocrx_word' id='word_1_141' title='bbox 917 1515 1017 1569; x_wconf 83' lang='grc' dir='ltr'><strong><em>καὶ</em></strong></span> <span class='ocrx_word' id='word_1_142' title='bbox 1053 1513 1160 1569; x_wconf 83' lang='grc' dir='ltr'><strong><em>σύν</em></strong></span> <span class='ocrx_word' id='word_1_143' title='bbox 1195 1520 1315 1576; x_wconf 89' lang='grc' dir='ltr'><strong><em>τοῖς</em></strong></span> <span class='ocrx_word' id='word_1_144' title='bbox 1353 1518 1520 1577; x_wconf 89' lang='grc' dir='ltr'><strong><em>θεοῖς</em></strong></span> <span class='ocrx_word' id='word_1_145' title='bbox 1558 1510 1715 1584; x_wconf 77' lang='grc' dir='ltr'><strong><em>ἐμοί,</em></strong></span> <span class='ocrx_word' id='word_1_146' title='bbox 1775 1515 1874 1568; x_wconf 83' lang='grc' dir='ltr'><strong><em>καὶ</em></strong></span> <span class='ocrx_word' id='word_1_147' title='bbox 1918 1520 2040 1577; x_wconf 89' lang='grc' dir='ltr'><strong><em>τοῖς</em></strong></span> <span class='ocrx_word' id='word_1_148' title='bbox 2085 1513 2326 1577; x_wconf 76' lang='grc' dir='ltr'><strong><em>οἰκείοις</em></strong></span> <span class='ocrx_word' id='word_1_149' title='bbox 2362 1515 2675 1576; x_wconf 76' lang='grc' dir='ltr'><strong><em>δακτύλοις</em></strong></span> 
     </span>
    </p>

    <p class='ocr_par' dir='ltr' id='par_1_5' title="bbox 292 1592 2673 1923">
     <span class='ocr_line' id='line_1_15' title="bbox 292 1592 2673 1669; baseline -0.001 -14"><span class='ocrx_word' id='word_1_150' title='bbox 292 1606 391 1655; x_wconf 89' lang='grc'><strong><em>140</em></strong></span> <span class='ocrx_word' id='word_1_151' title='bbox 427 1595 533 1668; x_wconf 85' lang='grc' dir='ltr'><strong><em>τὴν</em></strong></span> <span class='ocrx_word' id='word_1_152' title='bbox 569 1594 898 1668; x_wconf 79' lang='grc' dir='ltr'><strong><em>σφύζουσαν</em></strong></span> <span class='ocrx_word' id='word_1_153' title='bbox 933 1602 1225 1669; x_wconf 78' lang='grc' dir='ltr'><strong><em>ψηλαφῶν</em></strong></span> <span class='ocrx_word' id='word_1_154' title='bbox 1260 1592 1589 1669; x_wconf 75' lang='grc' dir='ltr'><strong><em>άρτερίαν4)</em></strong></span> <span class='ocrx_word' id='word_1_155' title='bbox 1626 1594 1899 1662; x_wconf 86' lang='grc' dir='ltr'><strong><em>πολλάκις</em></strong></span> <span class='ocrx_word' id='word_1_156' title='bbox 1934 1596 2068 1662; x_wconf 80' lang='grc' dir='ltr'><strong><em>τούς</em></strong></span> <span class='ocrx_word' id='word_1_157' title='bbox 2093 1598 2329 1662; x_wconf 76' lang='grc' dir='ltr'><strong><em>λευκοὺς</em></strong></span> <span class='ocrx_word' id='word_1_158' title='bbox 2352 1596 2555 1669; x_wconf 80' lang='grc' dir='ltr'><strong><em>πήχεις</em></strong></span> <span class='ocrx_word' id='word_1_159' title='bbox 2582 1593 2673 1653; x_wconf 87' lang='grc' dir='ltr'><strong><em>δι’</em></strong></span> 
     </span>
     <span class='ocr_line' id='line_1_16' title="bbox 427 1679 2669 1754; baseline -0.001 -16"><span class='ocrx_word' id='word_1_160' title='bbox 427 1683 625 1739; x_wconf 82' lang='grc' dir='ltr'><strong><em>αἰτίαν</em></strong></span> <span class='ocrx_word' id='word_1_161' title='bbox 669 1679 845 1753; x_wconf 87' lang='grc' dir='ltr'><strong><em>τήνδε</em></strong></span> <span class='ocrx_word' id='word_1_162' title='bbox 889 1682 1115 1753; x_wconf 86' lang='grc' dir='ltr'><strong><em>κατέχει</em></strong></span> <span class='ocrx_word' id='word_1_163' title='bbox 1162 1685 1262 1738; x_wconf 77' lang='grc' dir='ltr'><strong><em>καὶ</em></strong></span> <span class='ocrx_word' id='word_1_164' title='bbox 1306 1688 1786 1752; x_wconf 88' lang='grc' dir='ltr'><strong><em>πολυπραγμονεῖ</em></strong></span> <span class='ocrx_word' id='word_1_165' title='bbox 1820 1679 1921 1739; x_wconf 84' lang='grc' dir='ltr'><strong><em>τὸν</em></strong></span> <span class='ocrx_word' id='word_1_166' title='bbox 1968 1680 2183 1739; x_wconf 82' lang='grc' dir='ltr'><strong><em>κόλπον</em></strong></span> <span class='ocrx_word' id='word_1_167' title='bbox 2228 1685 2328 1740; x_wconf 81' lang='grc' dir='ltr'><strong><em>καὶ</em></strong></span> <span class='ocrx_word' id='word_1_168' title='bbox 2365 1680 2669 1754; x_wconf 84' lang='grc' dir='ltr'><strong><em>φιλήματα</em></strong></span> 
     </span>
     <span class='ocr_line' id='line_1_17' title="bbox 429 1763 2670 1839; baseline 0 -17"><span class='ocrx_word' id='word_1_169' title='bbox 429 1764 486 1822; x_wconf 90' lang='grc' dir='ltr'><strong><em>δ’</em></strong></span> <span class='ocrx_word' id='word_1_170' title='bbox 520 1769 652 1830; x_wconf 80' lang='grc' dir='ltr'><strong><em>ἴσως</em></strong></span> <span class='ocrx_word' id='word_1_171' title='bbox 687 1767 995 1823; x_wconf 87' lang='grc' dir='ltr'><strong><em>συνάπτει·</em></strong></span> <span class='ocrx_word' id='word_1_172' title='bbox 1045 1771 1151 1822; x_wconf 86' lang='grc' dir='ltr'><strong><em>καί</em></strong></span> <span class='ocrx_word' id='word_1_173' title='bbox 1182 1766 1243 1823; x_wconf 76' lang='grc' dir='ltr'><strong><em>οἱ</em></strong></span> <span class='ocrx_word' id='word_1_174' title='bbox 1275 1767 1712 1838; x_wconf 69' lang='grc' dir='ltr'><strong><em>πληρὲστατος5)</em></strong></span> <span class='ocrx_word' id='word_1_175' title='bbox 1749 1763 1780 1823; x_wconf 85' lang='grc' dir='ltr'>ὁ</span> <span class='ocrx_word' id='word_1_176' title='bbox 1817 1765 2027 1836; x_wconf 84' lang='grc' dir='ltr'><strong><em>μισθὸς</em></strong></span> <span class='ocrx_word' id='word_1_177' title='bbox 2062 1771 2164 1839; x_wconf 82' lang='grc' dir='ltr'><strong><em>τῆς</em></strong></span> <span class='ocrx_word' id='word_1_178' title='bbox 2199 1766 2420 1830; x_wconf 82' lang='grc' dir='ltr'><strong><em>οἰκείας</em></strong></span> <span class='ocrx_word' id='word_1_179' title='bbox 2453 1765 2670 1838; x_wconf 72' lang='grc' dir='ltr'><strong><em>ὑπηρε-</em></strong></span> 
     </span>
     <span class='ocr_line' id='line_1_18' title="bbox 427 1846 2670 1923; baseline 0.001 -18"><span class='ocrx_word' id='word_1_180' title='bbox 427 1854 574 1914; x_wconf 87' lang='grc' dir='ltr'><strong><em>σίας.</em></strong></span> <span class='ocrx_word' id='word_1_181' title='bbox 622 1856 709 1916; x_wconf 86' lang='grc' dir='ltr'><strong><em>τίς</em></strong></span> <span class='ocrx_word' id='word_1_182' title='bbox 735 1871 823 1908; x_wconf 91' lang='grc' dir='ltr'><strong><em>σοι</em></strong></span> <span class='ocrx_word' id='word_1_183' title='bbox 849 1849 1203 1922; x_wconf 80' lang='grc' dir='ltr'><strong><em>συνεχώρησε</em></strong></span> <span class='ocrx_word' id='word_1_184' title='bbox 1227 1850 1291 1906; x_wconf 86' lang='grc' dir='ltr'><strong><em>τὸ</em></strong></span> <span class='ocrx_word' id='word_1_185' title='bbox 1314 1848 1595 1923; x_wconf 80' lang='grc' dir='ltr'><strong><em>ἡμέτερον</em></strong></span> <span class='ocrx_word' id='word_1_186' title='bbox 1619 1850 1783 1922; x_wconf 88' lang='grc' dir='ltr'><strong><em>λήιον</em></strong></span> <span class='ocrx_word' id='word_1_187' title='bbox 1807 1848 1993 1922; x_wconf 71' lang='grc' dir='ltr'><strong><em>άμοῖνς</em></strong></span> <span class='ocrx_word' id='word_1_188' title='bbox 2031 1849 2174 1922; x_wconf 86' lang='grc' dir='ltr'><strong><em>πρὸς</em></strong></span> <span class='ocrx_word' id='word_1_189' title='bbox 2197 1849 2299 1916; x_wconf 74' lang='grc' dir='ltr'><strong><em>τὰς</em></strong></span> <span class='ocrx_word' id='word_1_190' title='bbox 2326 1847 2575 1923; x_wconf 61' lang='grc' dir='ltr'><strong><em>ἕτέραςθ)</em></strong></span> <span class='ocrx_word' id='word_1_191' title='bbox 2603 1846 2670 1907; x_wconf 83' lang='grc' dir='ltr'><strong><em>δ’</em></strong></span> 
     </span>
    </p>

    <p class='ocr_par' dir='ltr' id='par_1_6' title="bbox 293 1928 2668 2353">
     <span class='ocr_line' id='line_1_19' title="bbox 293 1928 2667 2008; baseline -0.002 -14"><span class='ocrx_word' id='word_1_192' title='bbox 293 1945 390 1994; x_wconf 85' lang='grc'><strong><em>145</em></strong></span> <span class='ocrx_word' id='word_1_193' title='bbox 428 1931 665 1999; x_wconf 73' lang='grc' dir='ltr'><strong><em>ἐλπίδας</em></strong></span> <span class='ocrx_word' id='word_1_194' title='bbox 694 1939 780 2000; x_wconf 89' lang='grc' dir='ltr'><strong><em>τίς</em></strong></span> <span class='ocrx_word' id='word_1_195' title='bbox 810 1955 901 1994; x_wconf 84' lang='grc' dir='ltr'><strong><em>σοι</em></strong></span> <span class='ocrx_word' id='word_1_196' title='bbox 930 1940 1212 2006; x_wconf 87' lang='grc' dir='ltr'><strong><em>πεποίηκε</em></strong></span> <span class='ocrx_word' id='word_1_197' title='bbox 1239 1933 1343 2008; x_wconf 82' lang='grc' dir='ltr'><strong><em>τὴν</em></strong></span> <span class='ocrx_word' id='word_1_198' title='bbox 1371 1932 1541 2004; x_wconf 84' lang='grc' dir='ltr'><strong><em>ὁδόν;</em></strong></span> <span class='ocrx_word' id='word_1_199' title='bbox 1577 1928 1741 2000; x_wconf 81' lang='grc' dir='ltr'><strong><em>οὗτος</em></strong></span> <span class='ocrx_word' id='word_1_200' title='bbox 1770 1931 1800 1990; x_wconf 85' lang='grc' dir='ltr'>ὁ</span> <span class='ocrx_word' id='word_1_201' title='bbox 1821 1935 2030 2000; x_wconf 86' lang='grc' dir='ltr'><strong><em>κόλπος</em></strong></span> <span class='ocrx_word' id='word_1_202' title='bbox 2061 1932 2192 2008; x_wconf 79' lang='grc' dir='ltr'><strong><em>ἐμός</em></strong></span> <span class='ocrx_word' id='word_1_203' title='bbox 2214 1934 2381 2001; x_wconf 78' lang='grc' dir='ltr'><strong><em>ἐστιν,</em></strong></span> <span class='ocrx_word' id='word_1_204' title='bbox 2418 1936 2667 2006; x_wconf 84' lang='grc' dir='ltr'><strong><em>αἰσχρώς</em></strong></span> 
     </span>
     <span class='ocr_line' id='line_1_20' title="bbox 425 2017 2668 2092; baseline -0 -16"><span class='ocrx_word' id='word_1_205' title='bbox 425 2019 575 2090; x_wconf 78' lang='grc' dir='ltr'><strong><em>τάμά</em></strong></span> <span class='ocrx_word' id='word_1_206' title='bbox 599 2017 908 2090; x_wconf 73' lang='grc' dir='ltr'><strong><em>λαμβάνεις</em></strong></span> <span class='ocrx_word' id='word_1_207' title='bbox 929 2021 1248 2091; x_wconf 85' lang='grc' dir='ltr'><strong><em>φιλήματα·</em></strong></span> <span class='ocrx_word' id='word_1_208' title='bbox 1278 2019 1339 2077; x_wconf 80' lang='grc' dir='ltr'><strong><em>ἐκ</em></strong></span> <span class='ocrx_word' id='word_1_209' title='bbox 1364 2024 1467 2076; x_wconf 82' lang='grc' dir='ltr'><strong><em>τοῦ</em></strong></span> <span class='ocrx_word' id='word_1_210' title='bbox 1492 2017 1890 2091; x_wconf 76' lang='grc' dir='ltr'><strong><em>ὑπεσχημένον</em></strong></span> <span class='ocrx_word' id='word_1_211' title='bbox 1909 2042 2007 2091; x_wconf 89' lang='grc' dir='ltr'><strong><em>μοι</em></strong></span> <span class='ocrx_word' id='word_1_212' title='bbox 2026 2018 2280 2092; x_wconf 88' lang='grc' dir='ltr'><strong><em>σώματος</em></strong></span> <span class='ocrx_word' id='word_1_213' title='bbox 2300 2019 2429 2091; x_wconf 77' lang='grc' dir='ltr'><strong><em>αἶρε</em></strong></span> <span class='ocrx_word' id='word_1_214' title='bbox 2448 2023 2668 2076; x_wconf 81' lang='grc' dir='ltr'><strong><em>σαυτοῦ</em></strong></span> 
     </span>
     <span class='ocr_line' id='line_1_21' title="bbox 425 2097 2665 2177; baseline -0 -17"><span class='ocrx_word' id='word_1_215' title='bbox 425 2103 526 2169; x_wconf 77' lang='grc' dir='ltr'><strong><em>τοὶς</em></strong></span> <span class='ocrx_word' id='word_1_216' title='bbox 550 2113 761 2176; x_wconf 88' lang='grc' dir='ltr'><strong><em>χεῖρας.</em></strong></span> <span class='ocrx_word' id='word_1_217' title='bbox 801 2103 931 2174; x_wconf 83' lang='grc' dir='ltr'><strong><em>αἶρε</em></strong></span> <span class='ocrx_word' id='word_1_218' title='bbox 957 2109 1170 2162; x_wconf 90' lang='grc' dir='ltr'><strong><em>σαυτοῦ</em></strong></span> <span class='ocrx_word' id='word_1_219' title='bbox 1192 2103 1294 2169; x_wconf 74' lang='grc' dir='ltr'><strong><em>τὰς</em></strong></span> <span class='ocrx_word' id='word_1_220' title='bbox 1316 2114 1529 2175; x_wconf 87' lang='grc' dir='ltr'><strong><em>χεῖρας,</em></strong></span> <span class='ocrx_word' id='word_1_221' title='bbox 1552 2101 1793 2177; x_wconf 82' lang='grc' dir='ltr'><strong><em>άδόκιμε</em></strong></span> <span class='ocrx_word' id='word_1_222' title='bbox 1809 2125 1820 2135; x_wconf 91' lang='grc'><strong><em>·</em></strong></span> <span class='ocrx_word' id='word_1_223' title='bbox 1848 2097 1915 2176; x_wconf 80' lang='grc' dir='ltr'><strong><em>ἧς</em></strong></span> <span class='ocrx_word' id='word_1_224' title='bbox 1935 2104 2043 2175; x_wconf 75' lang='grc' dir='ltr'><strong><em>γὰρ</em></strong></span> <span class='ocrx_word' id='word_1_225' title='bbox 2064 2102 2384 2177; x_wconf 83' lang='grc' dir='ltr'><strong><em>θιγγάνεις,</em></strong></span> <span class='ocrx_word' id='word_1_226' title='bbox 2412 2101 2665 2176; x_wconf 80' lang='grc' dir='ltr'><strong><em>ἡμετέρα</em></strong></span> 
     </span>
     <span class='ocr_line' id='line_1_22' title="bbox 425 2185 2661 2261; baseline 0 -17"><span class='ocrx_word' id='word_1_227' title='bbox 425 2189 637 2260; x_wconf 69' lang='grc' dir='ltr'><strong><em>μέλειΊ)</em></strong></span> <span class='ocrx_word' id='word_1_228' title='bbox 675 2187 1040 2261; x_wconf 85' lang='grc' dir='ltr'><strong><em>γενήσεσθαι.</em></strong></span> <span class='ocrx_word' id='word_1_229' title='bbox 1093 2190 1150 2246; x_wconf 89' lang='grc' dir='ltr'><strong><em>εἰ</em></strong></span> <span class='ocrx_word' id='word_1_230' title='bbox 1180 2187 1244 2244; x_wconf 87' lang='grc' dir='ltr'><strong><em>τὸ</em></strong></span> <span class='ocrx_word' id='word_1_231' title='bbox 1282 2186 1558 2246; x_wconf 77' lang='grc' dir='ltr'><strong><em>ἐντεῦθεν</em></strong></span> <span class='ocrx_word' id='word_1_232' title='bbox 1591 2192 1849 2260; x_wconf 89' lang='grc' dir='ltr'><strong><em>ποιήσεις</em></strong></span> <span class='ocrx_word' id='word_1_233' title='bbox 1881 2193 2065 2259; x_wconf 82' lang='grc' dir='ltr'><strong><em>τοῦτο,</em></strong></span> <span class='ocrx_word' id='word_1_234' title='bbox 2114 2188 2311 2261; x_wconf 88' lang='grc' dir='ltr'><strong><em>μοιχὸς</em></strong></span> <span class='ocrx_word' id='word_1_235' title='bbox 2337 2185 2513 2253; x_wconf 87' lang='grc' dir='ltr'><strong><em>ὅντως</em></strong></span> <span class='ocrx_word' id='word_1_236' title='bbox 2540 2188 2661 2260; x_wconf 80' lang='grc' dir='ltr'><strong><em>ἔσῃ.</em></strong></span> 
     </span>
     <span class='ocr_line' id='line_1_23' title="bbox 428 2266 2667 2353; baseline 0 -23"><span class='ocrx_word' id='word_1_237' title='bbox 428 2271 685 2353; x_wconf 75' lang='grc' dir='ltr'><strong><em>έπίλεξαι</em></strong></span> <span class='ocrx_word' id='word_1_238' title='bbox 723 2278 913 2344; x_wconf 79' lang='grc' dir='ltr'><strong><em>σαυτῷ</em></strong></span> <span class='ocrx_word' id='word_1_239' title='bbox 946 2271 1105 2344; x_wconf 81' lang='grc' dir='ltr'><strong><em>παρα</em></strong></span> <span class='ocrx_word' id='word_1_240' title='bbox 1142 2278 1256 2329; x_wconf 82' lang='grc' dir='ltr'><strong><em>τῶν</em></strong></span> <span class='ocrx_word' id='word_1_241' title='bbox 1290 2269 1555 2344; x_wconf 85' lang='grc' dir='ltr'><strong><em>άγάμων,</em></strong></span> <span class='ocrx_word' id='word_1_242' title='bbox 1603 2271 1747 2344; x_wconf 72' lang='grc' dir='ltr'><strong><em>ὑπὲρ</em></strong></span> <span class='ocrx_word' id='word_1_243' title='bbox 1783 2266 1855 2345; x_wconf 84' lang='grc' dir='ltr'><strong><em>ἦς</em></strong></span> <span class='ocrx_word' id='word_1_244' title='bbox 1890 2270 1996 2330; x_wconf 83' lang='grc' dir='ltr'><strong><em>ούκ</em></strong></span> <span class='ocrx_word' id='word_1_245' title='bbox 2033 2271 2108 2331; x_wconf 74' lang='grc' dir='ltr'><strong><em>ἄν</em></strong></span> <span class='ocrx_word' id='word_1_246' title='bbox 2154 2273 2344 2345; x_wconf 76' lang='grc' dir='ltr'><strong><em>ἕτερος</em></strong></span> <span class='ocrx_word' id='word_1_247' title='bbox 2376 2270 2667 2344; x_wconf 83' lang='grc' dir='ltr'><strong><em>άμύναιτό</em></strong></span> 
     </span>
    </p>

    <p class='ocr_par' dir='ltr' id='par_1_7' title="bbox 291 2353 2666 2685">
     <span class='ocr_line' id='line_1_24' title="bbox 291 2353 2666 2430; baseline 0 -16"><span class='ocrx_word' id='word_1_248' title='bbox 291 2371 388 2420; x_wconf 83' lang='grc'><strong><em>150</em></strong></span> <span class='ocrx_word' id='word_1_249' title='bbox 428 2369 517 2414; x_wconf 77' lang='grc' dir='ltr'><strong><em>σε·</em></strong></span> <span class='ocrx_word' id='word_1_250' title='bbox 582 2360 637 2415; x_wconf 91' lang='grc' dir='ltr'><strong><em>εἰ</em></strong></span> <span class='ocrx_word' id='word_1_251' title='bbox 668 2357 780 2428; x_wconf 75' lang='grc' dir='ltr'><strong><em>γάρ</em></strong></span> <span class='ocrx_word' id='word_1_252' title='bbox 816 2353 1074 2428; x_wconf 83' lang='grc' dir='ltr'><strong><em>οἷγνοεῖς,</em></strong></span> <span class='ocrx_word' id='word_1_253' title='bbox 1123 2362 1291 2414; x_wconf 90' lang='grc' dir='ltr'><strong><em>τοῦτο</em></strong></span> <span class='ocrx_word' id='word_1_254' title='bbox 1336 2357 1399 2414; x_wconf 85' lang='grc' dir='ltr'><strong><em>τὸ</em></strong></span> <span class='ocrx_word' id='word_1_255' title='bbox 1446 2362 1682 2430; x_wconf 71' lang='grc' dir='ltr'><strong><em>πρᾶγμα</em></strong></span> <span class='ocrx_word' id='word_1_256' title='bbox 1720 2360 2006 2430; x_wconf 86' lang='grc' dir='ltr'><strong><em>δεσπότην</em></strong></span> <span class='ocrx_word' id='word_1_257' title='bbox 2041 2359 2260 2416; x_wconf 86' lang='grc' dir='ltr'><strong><em>οἰκεῖον</em></strong></span> <span class='ocrx_word' id='word_1_258' title='bbox 2297 2358 2431 2430; x_wconf 81' lang='grc' dir='ltr'><strong><em>ἔχει.</em></strong></span> <span class='ocrx_word' id='word_1_259' title='bbox 2503 2358 2559 2414; x_wconf 85' lang='grc' dir='ltr'><strong><em>εἰ</em></strong></span> <span class='ocrx_word' id='word_1_260' title='bbox 2595 2358 2666 2415; x_wconf 85' lang='grc' dir='ltr'><strong><em>δέ</em></strong></span> 
     </span>
     <span class='ocr_line' id='line_1_25' title="bbox 424 2438 2665 2514; baseline 0 -16"><span class='ocrx_word' id='word_1_261' title='bbox 424 2463 522 2514; x_wconf 90' lang='grc' dir='ltr'><strong><em>μοι</em></strong></span> <span class='ocrx_word' id='word_1_262' title='bbox 560 2438 633 2497; x_wconf 86' lang='grc' dir='ltr'><strong><em>ου’</em></strong></span> <span class='ocrx_word' id='word_1_263' title='bbox 665 2442 976 2510; x_wconf 80' lang='grc' dir='ltr'><strong><em>πιστεύεις,</em></strong></span> <span class='ocrx_word' id='word_1_264' title='bbox 1014 2440 1077 2499; x_wconf 84' lang='grc' dir='ltr'><strong><em>τὸ</em></strong></span> <span class='ocrx_word' id='word_1_265' title='bbox 1114 2447 1225 2498; x_wconf 79' lang='grc' dir='ltr'><strong><em>τών</em></strong></span> <span class='ocrx_word' id='word_1_266' title='bbox 1262 2443 1804 2514; x_wconf 76' lang='grc' dir='ltr'><strong><em>συμπεφωνήμένων</em></strong></span> <span class='ocrx_word' id='word_1_267' title='bbox 1841 2441 1999 2507; x_wconf 76' lang='grc' dir='ltr'><strong><em>εἶδος</em></strong></span> <span class='ocrx_word' id='word_1_268' title='bbox 2036 2440 2327 2512; x_wconf 73' lang='grc' dir='ltr'><strong><em>ἐξέτασον·</em></strong></span> <span class='ocrx_word' id='word_1_269' title='bbox 2372 2439 2448 2508; x_wconf 85' lang='grc' dir='ltr'><strong><em>ώς</em></strong></span> <span class='ocrx_word' id='word_1_270' title='bbox 2482 2439 2560 2499; x_wconf 71' lang='grc' dir='ltr'><strong><em>ἂν</em></strong></span> <span class='ocrx_word' id='word_1_271' title='bbox 2597 2442 2665 2498; x_wconf 72' lang='grc' dir='ltr'><strong><em>δὲ</em></strong></span> 
     </span>
     <span class='ocr_line' id='line_1_26' title="bbox 423 2523 2661 2600; baseline 0 -18"><span class='ocrx_word' id='word_1_272' title='bbox 423 2525 500 2600; x_wconf 82' lang='grc' dir='ltr'><strong><em>μὴ</em></strong></span> <span class='ocrx_word' id='word_1_273' title='bbox 538 2525 756 2597; x_wconf 71' lang='grc' dir='ltr'><strong><em>’ψευδὲς</em></strong></span> <span class='ocrx_word' id='word_1_274' title='bbox 790 2530 958 2582; x_wconf 78' lang='grc' dir='ltr'><strong><em>τοῦτο</em></strong></span> <span class='ocrx_word' id='word_1_275' title='bbox 998 2530 1111 2599; x_wconf 81' lang='grc' dir='ltr'><strong><em>φῇς</em></strong></span> <span class='ocrx_word' id='word_1_276' title='bbox 1150 2526 1329 2597; x_wconf 84' lang='grc' dir='ltr'><strong><em>εἶναι,</em></strong></span> <span class='ocrx_word' id='word_1_277' title='bbox 1369 2523 1517 2599; x_wconf 76' lang='grc' dir='ltr'><strong><em>αὕτη</em></strong></span> <span class='ocrx_word' id='word_1_278' title='bbox 1554 2548 1618 2599; x_wconf 89' lang='grc' dir='ltr'><strong><em>γε</em></strong></span> <span class='ocrx_word' id='word_1_279' title='bbox 1654 2523 1980 2599; x_wconf 72' lang='grc' dir='ltr'><strong><em>ἀναγνώτω.</em></strong></span> <span class='ocrx_word' id='word_1_280' title='bbox 2053 2529 2122 2585; x_wconf 80' lang='grc' dir='ltr'><strong><em>σὺ</em></strong></span> <span class='ocrx_word' id='word_1_281' title='bbox 2161 2527 2223 2584; x_wconf 84' lang='grc' dir='ltr'><strong><em>δ’</em></strong></span> <span class='ocrx_word' id='word_1_282' title='bbox 2260 2526 2321 2585; x_wconf 85' lang='grc' dir='ltr'><strong><em>έκ</em></strong></span> <span class='ocrx_word' id='word_1_283' title='bbox 2356 2532 2461 2586; x_wconf 81' lang='grc' dir='ltr'><strong><em>τοῦ</em></strong></span> <span class='ocrx_word' id='word_1_284' title='bbox 2494 2526 2661 2583; x_wconf 82' lang='grc' dir='ltr'><strong><em>άλλο-</em></strong></span> 
     </span>
     <span class='ocr_line' id='line_1_27' title="bbox 422 2608 2661 2685; baseline 0.001 -18"><span class='ocrx_word' id='word_1_285' title='bbox 422 2615 586 2683; x_wconf 91' lang='grc' dir='ltr'><strong><em>τρίου</em></strong></span> <span class='ocrx_word' id='word_1_286' title='bbox 622 2608 923 2682; x_wconf 89' lang='grc' dir='ltr'><strong><em>θαλάμου,</em></strong></span> <span class='ocrx_word' id='word_1_287' title='bbox 963 2611 1053 2668; x_wconf 79' lang='grc' dir='ltr'><strong><em>σοὶ</em></strong></span> <span class='ocrx_word' id='word_1_288' title='bbox 1090 2611 1330 2683; x_wconf 84' lang='grc' dir='ltr'><strong><em>λέγομεν</em></strong></span> <span class='ocrx_word' id='word_1_289' title='bbox 1365 2609 1559 2684; x_wconf 84' lang='grc' dir='ltr'><strong><em>ἡμεῖς,</em></strong></span> <span class='ocrx_word' id='word_1_290' title='bbox 1599 2611 1783 2680; x_wconf 82' lang='grc' dir='ltr'><strong><em>ἔξιθι·</em></strong></span> <span class='ocrx_word' id='word_1_291' title='bbox 1824 2612 1979 2680; x_wconf 77' lang='grc' dir='ltr'><strong><em>ἔξιθι</em></strong></span> <span class='ocrx_word' id='word_1_292' title='bbox 2017 2611 2290 2669; x_wconf 72' lang='grc' dir='ltr'><strong><em>ἐνθένδε·</em></strong></span> <span class='ocrx_word' id='word_1_293' title='bbox 2338 2617 2400 2668; x_wconf 92' lang='grc' dir='ltr'><strong><em>τί</em></strong></span> <span class='ocrx_word' id='word_1_294' title='bbox 2431 2616 2661 2685; x_wconf 68' lang='grc' dir='ltr'><strong><em>δρᾷςςθ)</em></strong></span> 
     </span>
    </p>

    <p class='ocr_par' dir='ltr' id='par_1_8' title="bbox 291 2690 2665 3116">
     <span class='ocr_line' id='line_1_28' title="bbox 291 2690 2662 2769; baseline -0.003 -8"><span class='ocrx_word' id='word_1_295' title='bbox 291 2710 388 2760; x_wconf 83' lang='lat'><strong><em>155</em></strong></span> <span class='ocrx_word' id='word_1_296' title='bbox 429 2693 496 2752; x_wconf 82' lang='grc' dir='ltr'><strong><em>ού</em></strong></span> <span class='ocrx_word' id='word_1_297' title='bbox 535 2695 795 2769; x_wconf 75' lang='grc' dir='ltr'><strong><em>σχολάζει</em></strong></span> <span class='ocrx_word' id='word_1_298' title='bbox 830 2694 893 2752; x_wconf 83' lang='grc' dir='ltr'><strong><em>τὸ</em></strong></span> <span class='ocrx_word' id='word_1_299' title='bbox 931 2699 1092 2767; x_wconf 89' lang='grc' dir='ltr'><strong><em>λέχος</em></strong></span> <span class='ocrx_word' id='word_1_300' title='bbox 1126 2699 1312 2755; x_wconf 81' lang='grc' dir='ltr'><strong><em>τοῦτο.</em></strong></span> <span class='ocrx_word' id='word_1_301' title='bbox 1362 2690 1393 2752; x_wconf 80' lang='grc' dir='ltr'>ὃ</span> <span class='ocrx_word' id='word_1_302' title='bbox 1429 2700 1536 2767; x_wconf 81' lang='grc' dir='ltr'><strong><em>γὰρ</em></strong></span> <span class='ocrx_word' id='word_1_303' title='bbox 1576 2696 1723 2768; x_wconf 74' lang='grc' dir='ltr'><strong><em>ἔχεις</em></strong></span> <span class='ocrx_word' id='word_1_304' title='bbox 1757 2699 1855 2754; x_wconf 79' lang='grc' dir='ltr'><strong><em>καὶ</em></strong></span> <span class='ocrx_word' id='word_1_305' title='bbox 1892 2694 1959 2754; x_wconf 75' lang='grc' dir='ltr'><strong><em>σὺ</em></strong></span> <span class='ocrx_word' id='word_1_306' title='bbox 1994 2703 2096 2768; x_wconf 83' lang='grc' dir='ltr'><strong><em>τῆς</em></strong></span> <span class='ocrx_word' id='word_1_307' title='bbox 2119 2695 2499 2768; x_wconf 71' lang='grc' dir='ltr'><strong><em>ἀνθρωπίνης</em></strong></span> <span class='ocrx_word' id='word_1_308' title='bbox 2523 2693 2662 2768; x_wconf 88' lang='grc' dir='ltr'><strong><em>ὁμο-</em></strong></span> 
     </span>
     <span class='ocr_line' id='line_1_29' title="bbox 423 2778 2665 2854; baseline 0 -18"><span class='ocrx_word' id='word_1_309' title='bbox 423 2785 620 2853; x_wconf 77' lang='grc' dir='ltr'><strong><em>λογίας</em></strong></span> <span class='ocrx_word' id='word_1_310' title='bbox 665 2779 810 2837; x_wconf 73' lang='grc' dir='ltr'><strong><em>ὅὶλλα</em></strong></span> <span class='ocrx_word' id='word_1_311' title='bbox 846 2778 914 2836; x_wconf 77' lang='grc' dir='ltr'><strong><em>τοὶ</em></strong></span> <span class='ocrx_word' id='word_1_312' title='bbox 955 2779 1210 2853; x_wconf 71' lang='grc' dir='ltr'><strong><em>ῥήματα,</em></strong></span> <span class='ocrx_word' id='word_1_313' title='bbox 1257 2778 1362 2837; x_wconf 89' lang='grc' dir='ltr'><strong><em>ούκ</em></strong></span> <span class='ocrx_word' id='word_1_314' title='bbox 1415 2779 1571 2837; x_wconf 77' lang='grc' dir='ltr'><strong><em>ἔσται</em></strong></span> <span class='ocrx_word' id='word_1_315' title='bbox 1611 2785 1750 2854; x_wconf 85' lang='grc' dir='ltr'><strong><em>γοῦν</em></strong></span> <span class='ocrx_word' id='word_1_316' title='bbox 1786 2780 1887 2838; x_wconf 74' lang='grc' dir='ltr'><strong><em>διὰ</em></strong></span> <span class='ocrx_word' id='word_1_317' title='bbox 1924 2785 2105 2839; x_wconf 83' lang='grc' dir='ltr'><strong><em>ταῦτα</em></strong></span> <span class='ocrx_word' id='word_1_318' title='bbox 2144 2785 2237 2852; x_wconf 73' lang='grc' dir='ltr'><strong><em>ἴση</em></strong></span> <span class='ocrx_word' id='word_1_319' title='bbox 2274 2779 2310 2854; x_wconf 82' lang='grc' dir='ltr'><em>ἡ</em></span> <span class='ocrx_word' id='word_1_320' title='bbox 2350 2785 2545 2853; x_wconf 68' lang='grc' dir='ltr'><strong><em>δίκηθ)</em></strong></span> <span class='ocrx_word' id='word_1_321' title='bbox 2592 2786 2665 2852; x_wconf 84' lang='grc' dir='ltr'><strong><em>τῇ</em></strong></span> 
     </span>
     <span class='ocr_line' id='line_1_30' title="bbox 424 2862 2660 2966; baseline 0 -45"><span class='ocrx_word' id='word_1_322' title='bbox 424 2863 550 2966; x_wconf 50' lang='grc' dir='ltr'><strong><em>ἐμή.</em></strong></span> <span class='ocrx_word' id='word_1_323' title='bbox 602 2863 728 2936; x_wconf 77' lang='grc' dir='ltr'><strong><em>ἐμοὶ</em></strong></span> <span class='ocrx_word' id='word_1_324' title='bbox 764 2864 871 2936; x_wconf 81' lang='grc' dir='ltr'><strong><em>μὲν</em></strong></span> <span class='ocrx_word' id='word_1_325' title='bbox 907 2871 1015 2937; x_wconf 82' lang='grc' dir='ltr'><strong><em>γάρ</em></strong></span> <span class='ocrx_word' id='word_1_326' title='bbox 1053 2862 1198 2938; x_wconf 79' lang='grc' dir='ltr'><strong><em>αὕτη</em></strong></span> <span class='ocrx_word' id='word_1_327' title='bbox 1237 2862 1452 2935; x_wconf 77' lang='grc' dir='ltr'><strong><em>ἑαυτήν</em></strong></span> <span class='ocrx_word' id='word_1_328' title='bbox 1486 2863 1839 2938; x_wconf 72' lang='grc' dir='ltr'><strong><em>ὡμολόγησε,</em></strong></span> <span class='ocrx_word' id='word_1_329' title='bbox 1879 2865 1948 2923; x_wconf 77' lang='grc' dir='ltr'>σύ</span> <span class='ocrx_word' id='word_1_330' title='bbox 1962 2872 2027 2937; x_wconf 89' lang='lat'><strong><em>¹⁰)</em></strong></span> <span class='ocrx_word' id='word_1_331' title='bbox 2065 2862 2127 2923; x_wconf 86' lang='grc' dir='ltr'><strong><em>δ’</em></strong></span> <span class='ocrx_word' id='word_1_332' title='bbox 2162 2865 2345 2938; x_wconf 85' lang='grc' dir='ltr'><strong><em>αύτὴν</em></strong></span> <span class='ocrx_word' id='word_1_333' title='bbox 2380 2867 2411 2923; x_wconf 86' lang='grc' dir='ltr'>ὁ</span> <span class='ocrx_word' id='word_1_334' title='bbox 2448 2867 2660 2938; x_wconf 88' lang='grc' dir='ltr'><strong><em>πατήρ,</em></strong></span> 
     </span>
     <span class='ocr_line' id='line_1_31' title="bbox 422 2945 2661 3024; baseline 0.002 -20"><span class='ocrx_word' id='word_1_335' title='bbox 422 2953 639 3018; x_wconf 77' lang='grc' dir='ltr'><strong><em>πρῶτος</em></strong></span> <span class='ocrx_word' id='word_1_336' title='bbox 681 2970 761 3004; x_wconf 88' lang='grc' dir='ltr'><strong><em>ων</em></strong></span> <span class='ocrx_word' id='word_1_337' title='bbox 808 2945 916 3005; x_wconf 69' lang='grc' dir='ltr'><strong><em>ἄπ’</em></strong></span> <span class='ocrx_word' id='word_1_338' title='bbox 954 2948 1205 3020; x_wconf 76' lang='grc' dir='ltr'><strong><em>ἐκείνης,</em></strong></span> <span class='ocrx_word' id='word_1_339' title='bbox 1253 2948 1386 3005; x_wconf 74' lang='grc' dir='ltr'><strong><em>ἄλλ’</em></strong></span> <span class='ocrx_word' id='word_1_340' title='bbox 1419 2946 1497 3014; x_wconf 85' lang='grc' dir='ltr'><strong><em>ώς</em></strong></span> <span class='ocrx_word' id='word_1_341' title='bbox 1539 2949 1776 3021; x_wconf 79' lang='grc' dir='ltr'><strong><em>άληθώς</em></strong></span> <span class='ocrx_word' id='word_1_342' title='bbox 1822 2951 2011 3007; x_wconf 86' lang='grc' dir='ltr'><strong><em>εἰπεῖν</em></strong></span> <span class='ocrx_word' id='word_1_343' title='bbox 2055 2947 2201 3023; x_wconf 81' lang='grc' dir='ltr'><strong><em>αύτὴ</em></strong></span> <span class='ocrx_word' id='word_1_344' title='bbox 2241 2947 2529 3024; x_wconf 49' lang='lat' dir='ltr'><strong><em>§menz-ofin)</em></strong></span> <span class='ocrx_word' id='word_1_345' title='bbox 2570 2949 2661 3024; x_wconf 81' lang='grc' dir='ltr'><strong><em>ἔγ-</em></strong></span> 
     </span>
     <span class='ocr_line' id='line_1_32' title="bbox 422 3027 2657 3116; baseline 0.003 -29"><span class='ocrx_word' id='word_1_346' title='bbox 422 3032 629 3103; x_wconf 87' lang='grc' dir='ltr'><strong><em>γυτέρα</em></strong></span> <span class='ocrx_word' id='word_1_347' title='bbox 665 3036 883 3104; x_wconf 74' lang='grc' dir='ltr'><strong><em>μᾶλλον</em></strong></span> <span class='ocrx_word' id='word_1_348' title='bbox 918 3027 956 3116; x_wconf 75' lang='grc' dir='ltr'><strong><em>ᾖ</em></strong></span> <span class='ocrx_word' id='word_1_349' title='bbox 991 3031 1022 3091; x_wconf 86' lang='grc' dir='ltr'>ὁ</span> <span class='ocrx_word' id='word_1_350' title='bbox 1058 3033 1250 3105; x_wconf 88' lang='grc' dir='ltr'><strong><em>πατήρ</em></strong></span> <span class='ocrx_word' id='word_1_351' title='bbox 1288 3031 1420 3095; x_wconf 78' lang='grc' dir='ltr'><strong><em>ἔστι.</em></strong></span> <span class='ocrx_word' id='word_1_352' title='bbox 1496 3035 1931 3108; x_wconf 88' lang='grc' dir='ltr'><strong><em>κατηγγυησατό</em></strong></span> <span class='ocrx_word' id='word_1_353' title='bbox 1975 3055 2064 3092; x_wconf 91' lang='grc' dir='ltr'><strong><em>σοι</em></strong></span> <span class='ocrx_word' id='word_1_354' title='bbox 2108 3036 2326 3108; x_wconf 88' lang='grc' dir='ltr'><strong><em>ταύτην</em></strong></span> <span class='ocrx_word' id='word_1_355' title='bbox 2370 3033 2399 3093; x_wconf 84' lang='grc' dir='ltr'>ὁ</span> <span class='ocrx_word' id='word_1_356' title='bbox 2446 3057 2657 3108; x_wconf 88' lang='grc' dir='ltr'><strong><em>πατηρ,</em></strong></span> 
     </span>
    </p>

    <p class='ocr_par' dir='ltr' id='par_1_9' title="bbox 290 3115 2661 3530">
     <span class='ocr_line' id='line_1_33' title="bbox 290 3115 2660 3192; baseline 0.002 -19"><span class='ocrx_word' id='word_1_357' title='bbox 290 3133 386 3180; x_wconf 84' lang='grc'><strong><em>160</em></strong></span> <span class='ocrx_word' id='word_1_358' title='bbox 422 3139 568 3189; x_wconf 87' lang='grc' dir='ltr'><strong><em>αυτη</em></strong></span> <span class='ocrx_word' id='word_1_359' title='bbox 609 3117 672 3174; x_wconf 71' lang='grc' dir='ltr'><strong><em>δὲ</em></strong></span> <span class='ocrx_word' id='word_1_360' title='bbox 708 3119 807 3173; x_wconf 78' lang='grc' dir='ltr'><strong><em>καὶ</em></strong></span> <span class='ocrx_word' id='word_1_361' title='bbox 842 3137 1026 3189; x_wconf 88' lang='grc' dir='ltr'><strong><em>ωμοσε</em></strong></span> <span class='ocrx_word' id='word_1_362' title='bbox 1061 3123 1138 3190; x_wconf 79' lang='grc' dir='ltr'><strong><em>τῷ</em></strong></span> <span class='ocrx_word' id='word_1_363' title='bbox 1174 3115 1400 3189; x_wconf 81' lang='grc' dir='ltr'><strong><em>έρώντι·</em></strong></span> <span class='ocrx_word' id='word_1_364' title='bbox 1457 3115 1729 3185; x_wconf 81' lang='grc' dir='ltr'><strong><em>κάκεῖνος</em></strong></span> <span class='ocrx_word' id='word_1_365' title='bbox 1774 3118 1881 3191; x_wconf 81' lang='grc' dir='ltr'><strong><em>μὲν</em></strong></span> <span class='ocrx_word' id='word_1_366' title='bbox 1914 3117 2254 3191; x_wconf 88' lang='grc' dir='ltr'><strong><em>ανθρωποις</em></strong></span> <span class='ocrx_word' id='word_1_367' title='bbox 2268 3125 2356 3190; x_wconf 80' lang='lat'><strong><em>1²)</em></strong></span> <span class='ocrx_word' id='word_1_368' title='bbox 2406 3142 2549 3192; x_wconf 86' lang='grc' dir='ltr'><strong><em>αυτη</em></strong></span> <span class='ocrx_word' id='word_1_369' title='bbox 2592 3123 2660 3178; x_wconf 75' lang='grc' dir='ltr'><strong><em>δὲ</em></strong></span> 
     </span>
     <span class='ocr_line' id='line_1_34' title="bbox 422 3199 2658 3277; baseline 0.002 -20"><span class='ocrx_word' id='word_1_370' title='bbox 422 3201 577 3258; x_wconf 86' lang='grc' dir='ltr'><strong><em>θεαν</em></strong></span> <span class='ocrx_word' id='word_1_371' title='bbox 621 3201 922 3274; x_wconf 75' lang='grc' dir='ltr'><strong><em>παρήγαγε</em></strong></span> <span class='ocrx_word' id='word_1_372' title='bbox 965 3202 1256 3274; x_wconf 87' lang='grc' dir='ltr'><strong><em>μάρτυρα·</em></strong></span> <span class='ocrx_word' id='word_1_373' title='bbox 1315 3199 1584 3268; x_wconf 79' lang='grc' dir='ltr'><strong><em>κάκεῖνος</em></strong></span> <span class='ocrx_word' id='word_1_374' title='bbox 1631 3203 1737 3276; x_wconf 71' lang='grc' dir='ltr'><strong><em>μὲν</em></strong></span> <span class='ocrx_word' id='word_1_375' title='bbox 1775 3203 2143 3277; x_wconf 84' lang='grc' dir='ltr'><strong><em>δέδοικε,μή</em></strong></span> <span class='ocrx_word' id='word_1_376' title='bbox 2181 3202 2459 3276; x_wconf 80' lang='grc' dir='ltr'><strong><em>ψεύστης,</em></strong></span> <span class='ocrx_word' id='word_1_377' title='bbox 2505 3227 2658 3276; x_wconf 90' lang='grc' dir='ltr'><strong><em>αυτη</em></strong></span> 
     </span>
     <span class='ocr_line' id='line_1_35' title="bbox 425 3284 2661 3361; baseline 0.001 -18"><span class='ocrx_word' id='word_1_378' title='bbox 425 3286 489 3343; x_wconf 77' lang='grc' dir='ltr'><strong><em>δὲ</em></strong></span> <span class='ocrx_word' id='word_1_379' title='bbox 533 3285 611 3358; x_wconf 84' lang='grc' dir='ltr'><strong><em>μὴ</em></strong></span> <span class='ocrx_word' id='word_1_380' title='bbox 659 3287 800 3356; x_wconf 59' lang='grc' dir='ltr'><strong><em>δὲη)</em></strong></span> <span class='ocrx_word' id='word_1_381' title='bbox 849 3285 1114 3359; x_wconf 75' lang='grc' dir='ltr'><strong><em>ἐπίορκος</em></strong></span> <span class='ocrx_word' id='word_1_382' title='bbox 1162 3284 1515 3360; x_wconf 77' lang='grc' dir='ltr'><strong><em>ὀνομάζοιτο.</em></strong></span> <span class='ocrx_word' id='word_1_383' title='bbox 1596 3287 1732 3359; x_wconf 90' lang='grc' dir='ltr'><strong><em>μήτι</em></strong></span> <span class='ocrx_word' id='word_1_384' title='bbox 1779 3293 1921 3360; x_wconf 85' lang='grc' dir='ltr'><strong><em>γοῦν</em></strong></span> <span class='ocrx_word' id='word_1_385' title='bbox 1966 3286 2362 3361; x_wconf 81' lang='grc' dir='ltr'><strong><em>άμφιβάλλῃς,</em></strong></span> <span class='ocrx_word' id='word_1_386' title='bbox 2410 3287 2661 3360; x_wconf 86' lang='grc' dir='ltr'><strong><em>πότερον</em></strong></span> 
     </span>
     <span class='ocr_line' id='line_1_36' title="bbox 422 3363 2661 3447; baseline 0.001 -20"><span class='ocrx_word' id='word_1_387' title='bbox 422 3363 590 3436; x_wconf 76' lang='grc' dir='ltr'><strong><em>οὗτος</em></strong></span> <span class='ocrx_word' id='word_1_388' title='bbox 636 3368 667 3427; x_wconf 82' lang='grc' dir='ltr'>ὁ</span> <span class='ocrx_word' id='word_1_389' title='bbox 716 3369 898 3443; x_wconf 86' lang='grc' dir='ltr'><strong><em>φόβος</em></strong></span> <span class='ocrx_word' id='word_1_390' title='bbox 942 3377 1150 3444; x_wconf 79' lang='grc' dir='ltr'><strong><em>μείζων</em></strong></span> <span class='ocrx_word' id='word_1_391' title='bbox 1187 3371 1340 3430; x_wconf 79' lang='grc' dir='ltr'><strong><em>ἐστὶν</em></strong></span> <span class='ocrx_word' id='word_1_392' title='bbox 1374 3367 1414 3444; x_wconf 76' lang='grc' dir='ltr'><strong><em>ἢ</em></strong></span> <span class='ocrx_word' id='word_1_393' title='bbox 1451 3372 1689 3438; x_wconf 82' lang='grc' dir='ltr'><strong><em>ἐκεῖνος.</em></strong></span> <span class='ocrx_word' id='word_1_394' title='bbox 1758 3375 1860 3430; x_wconf 81' lang='grc' dir='ltr'><strong><em>καὶ</em></strong></span> <span class='ocrx_word' id='word_1_395' title='bbox 1895 3373 2183 3442; x_wconf 88' lang='grc' dir='ltr'><strong><em>καθόλου,</em></strong></span> <span class='ocrx_word' id='word_1_396' title='bbox 2231 3377 2393 3445; x_wconf 75' lang='grc' dir='ltr'><strong><em>εἴπερ</em></strong></span> <span class='ocrx_word' id='word_1_397' title='bbox 2429 3371 2661 3447; x_wconf 85' lang='grc' dir='ltr'><strong><em>α’μφοῖν</em></strong></span> 
     </span>
     <span class='ocr_line' id='line_1_37' title="bbox 421 3454 2653 3530; baseline 0.001 -20"><span class='ocrx_word' id='word_1_398' title='bbox 421 3454 554 3520; x_wconf 79' lang='grc' dir='ltr'><strong><em>τούς</em></strong></span> <span class='ocrx_word' id='word_1_399' title='bbox 597 3454 908 3521; x_wconf 74' lang='grc' dir='ltr'><strong><em>κινδύνους</em></strong></span> <span class='ocrx_word' id='word_1_400' title='bbox 952 3454 1223 3527; x_wconf 86' lang='grc' dir='ltr'><strong><em>συνάγειν</em></strong></span> <span class='ocrx_word' id='word_1_401' title='bbox 1269 3455 1442 3529; x_wconf 85' lang='grc' dir='ltr'><strong><em>δύνῃ,</em></strong></span> <span class='ocrx_word' id='word_1_402' title='bbox 1490 3454 1667 3528; x_wconf 74' lang='grc' dir='ltr'><strong><em>ἄθρει</em></strong></span> <span class='ocrx_word' id='word_1_403' title='bbox 1712 3456 1855 3527; x_wconf 86' lang='grc' dir='ltr'><strong><em>πρὸς</em></strong></span> <span class='ocrx_word' id='word_1_404' title='bbox 1888 3456 1993 3530; x_wconf 84' lang='grc' dir='ltr'><strong><em>τὴν</em></strong></span> <span class='ocrx_word' id='word_1_405' title='bbox 2030 3458 2323 3528; x_wconf 63' lang='grc' dir='ltr'><strong><em>ἔφοδον14)</em></strong></span> <span class='ocrx_word' id='word_1_406' title='bbox 2360 3463 2473 3515; x_wconf 81' lang='grc' dir='ltr'><strong><em>τών</em></strong></span> <span class='ocrx_word' id='word_1_407' title='bbox 2506 3480 2653 3529; x_wconf 87' lang='grc' dir='ltr'><strong><em>πρα-</em></strong></span> 
     </span>
    </p>

    <p class='ocr_par' dir='ltr' id='par_1_10' title="bbox 289 3537 2657 3700">
     <span class='ocr_line' id='line_1_38' title="bbox 289 3537 2655 3614; baseline 0.001 -19"><span class='ocrx_word' id='word_1_408' title='bbox 289 3555 385 3603; x_wconf 82' lang='lat'><strong><em>165</em></strong></span> <span class='ocrx_word' id='word_1_409' title='bbox 421 3540 677 3610; x_wconf 89' lang='grc' dir='ltr'><strong><em>γμάτων·</em></strong></span> <span class='ocrx_word' id='word_1_410' title='bbox 714 3537 751 3612; x_wconf 82' lang='grc' dir='ltr'><strong><em>ἡ</em></strong></span> <span class='ocrx_word' id='word_1_411' title='bbox 789 3539 895 3612; x_wconf 81' lang='grc' dir='ltr'><strong><em>μὲν</em></strong></span> <span class='ocrx_word' id='word_1_412' title='bbox 931 3539 1078 3612; x_wconf 81' lang='grc' dir='ltr'><strong><em>νόσῳ</em></strong></span> <span class='ocrx_word' id='word_1_413' title='bbox 1113 3539 1348 3612; x_wconf 89' lang='grc' dir='ltr'><strong><em>κάμνει,</em></strong></span> <span class='ocrx_word' id='word_1_414' title='bbox 1387 3539 1418 3598; x_wconf 84' lang='grc' dir='ltr'><em>ὃ</em></span> <span class='ocrx_word' id='word_1_415' title='bbox 1457 3538 1515 3597; x_wconf 90' lang='grc' dir='ltr'><strong><em>δ’</em></strong></span> <span class='ocrx_word' id='word_1_416' title='bbox 1555 3541 1809 3611; x_wconf 82' lang='grc' dir='ltr'><strong><em>ἔρρωται.</em></strong></span> <span class='ocrx_word' id='word_1_417' title='bbox 1859 3545 1959 3600; x_wconf 79' lang='grc' dir='ltr'><strong><em>καὶ</em></strong></span> <span class='ocrx_word' id='word_1_418' title='bbox 1982 3539 2150 3614; x_wconf 80' lang='grc' dir='ltr'><strong><em>ἡμεῖς</em></strong></span> <span class='ocrx_word' id='word_1_419' title='bbox 2176 3539 2238 3599; x_wconf 89' lang='grc' dir='ltr'><strong><em>δ’</em></strong></span> <span class='ocrx_word' id='word_1_420' title='bbox 2260 3539 2655 3614; x_wconf 65' lang='grc' dir='ltr'><strong><em>άνομοίουςίὸ)</em></strong></span> 
     </span>
     <span class='ocr_line' id='line_1_39' title="bbox 421 3620 2657 3700; baseline 0.002 -20"><span class='ocrx_word' id='word_1_421' title='bbox 421 3620 648 3695; x_wconf 83' lang='grc' dir='ltr'><strong><em>άγώνας</em></strong></span> <span class='ocrx_word' id='word_1_422' title='bbox 692 3622 838 3680; x_wconf 74' lang='grc' dir='ltr'><strong><em>κατὰ</em></strong></span> <span class='ocrx_word' id='word_1_423' title='bbox 885 3630 1027 3682; x_wconf 86' lang='grc' dir='ltr'><strong><em>νοῦν</em></strong></span> <span class='ocrx_word' id='word_1_424' title='bbox 1071 3623 1475 3697; x_wconf 77' lang='grc' dir='ltr'><strong><em>ύπερχόμεθα,</em></strong></span> <span class='ocrx_word' id='word_1_425' title='bbox 1526 3622 1657 3683; x_wconf 79' lang='grc' dir='ltr'><strong><em>οὔτε</em></strong></span> <span class='ocrx_word' id='word_1_426' title='bbox 1703 3621 1767 3682; x_wconf 84' lang='grc' dir='ltr'><strong><em>δ’</em></strong></span> <span class='ocrx_word' id='word_1_427' title='bbox 1800 3623 1837 3698; x_wconf 79' lang='grc' dir='ltr'><em>ἦ</em></span> <span class='ocrx_word' id='word_1_428' title='bbox 1874 3624 2032 3691; x_wconf 76' lang='grc' dir='ltr'><strong><em>ἐλπὶς</em></strong></span> <span class='ocrx_word' id='word_1_429' title='bbox 2075 3625 2218 3699; x_wconf 79' lang='grc' dir='ltr'><strong><em>ἡμῖν</em></strong></span> <span class='ocrx_word' id='word_1_430' title='bbox 2260 3626 2297 3700; x_wconf 80' lang='grc' dir='ltr'><strong><em>ἡ</em></strong></span> <span class='ocrx_word' id='word_1_431' title='bbox 2337 3622 2479 3699; x_wconf 84' lang='grc' dir='ltr'><strong><em>αύτὴ</em></strong></span> <span class='ocrx_word' id='word_1_432' title='bbox 2518 3621 2657 3684; x_wconf 73' lang='grc' dir='ltr'><strong><em>οὔτε</em></strong></span> 
     </span>
    </p>
   </div>
   <div class='ocr_carea' id='block_1_3' title="bbox 423 3774 829 3786">
    <p class='ocr_par' dir='ltr' id='par_1_11' title="bbox 423 3774 829 3786">
     <span class='ocr_line' id='line_1_40' title="bbox 423 3774 829 3786; baseline 0 0"><span class='ocrx_word' id='word_1_433' title='bbox 423 3774 829 3786; x_wconf 95' lang='lat' dir='ltr'><strong><em> </em></strong></span> 
     </span>
    </p>
   </div>
   <div class='ocr_carea' id='block_1_4' title="bbox 417 3863 2655 4340">
    <p class='ocr_par' dir='ltr' id='par_1_12' title="bbox 417 3863 2654 4340">
     <span class='ocr_line' id='line_1_41' title="bbox 553 3863 2654 3952; baseline 0 -33"><span class='ocrx_word' id='word_1_434' title='bbox 553 3868 598 3934; x_wconf 89' lang='lat'><strong><em>¹)</em></strong></span> <span class='ocrx_word' id='word_1_435' title='bbox 647 3884 752 3920; x_wconf 79' lang='lat' dir='ltr'><strong>scr.</strong></span> <span class='ocrx_word' id='word_1_436' title='bbox 803 3863 959 3922; x_wconf 76' lang='grc' dir='ltr'><strong><em>ἔστω.</em></strong></span> <span class='ocrx_word' id='word_1_437' title='bbox 1131 3866 1174 3931; x_wconf 83' lang='lat'><strong><em>²)</em></strong></span> <span class='ocrx_word' id='word_1_438' title='bbox 1218 3870 1443 3935; x_wconf 80' lang='lat' dir='ltr'>propria</span> <span class='ocrx_word' id='word_1_439' title='bbox 1490 3869 1699 3920; x_wconf 82' lang='lat' dir='ltr'><strong>codicis</strong></span> <span class='ocrx_word' id='word_1_440' title='bbox 1741 3869 2017 3920; x_wconf 82' lang='lat' dir='ltr'><strong>Planudei</strong></span> <span class='ocrx_word' id='word_1_441' title='bbox 2066 3870 2386 3952; x_wconf 81' lang='lat' dir='ltr'>corruptela</span> <span class='ocrx_word' id='word_1_442' title='bbox 2432 3871 2654 3921; x_wconf 76' lang='lat' dir='ltr'>subest:</span> 
     </span>
     <span class='ocr_line' id='line_1_42' title="bbox 417 3927 2653 4020; baseline 0.001 -35"><span class='ocrx_word' id='word_1_443' title='bbox 417 3937 766 4002; x_wconf 78' lang='lat' dir='ltr'><strong><em>insilioque</em></strong></span> <span class='ocrx_word' id='word_1_444' title='bbox 817 3942 950 3988; x_wconf 82' lang='lat' dir='ltr'><em>toro.</em></span> <span class='ocrx_word' id='word_1_445' title='bbox 1022 3939 1305 4016; x_wconf 77' lang='lat' dir='ltr'><em>insidioque</em></span> <span class='ocrx_word' id='word_1_446' title='bbox 1356 3938 1692 3987; x_wconf 78' lang='lat' dir='ltr'><strong>Puteaneus.</strong></span> <span class='ocrx_word' id='word_1_447' title='bbox 1862 3935 1906 4002; x_wconf 85' lang='lat'><strong><em>⁸)</em></strong></span> <span class='ocrx_word' id='word_1_448' title='bbox 1964 3927 2257 4020; x_wconf 81' lang='grc' dir='ltr'><strong><em>άπέστησα</em></strong></span> <span class='ocrx_word' id='word_1_449' title='bbox 2313 3938 2404 3988; x_wconf 84' lang='lat' dir='ltr'><strong><em>vel</em></strong></span> <span class='ocrx_word' id='word_1_450' title='bbox 2462 3928 2653 4004; x_wconf 83' lang='grc' dir='ltr'><strong><em>άπήρ-</em></strong></span> 
     </span>
     <span class='ocr_line' id='line_1_43' title="bbox 419 3994 2655 4086; baseline 0.001 -34"><span class='ocrx_word' id='word_1_451' title='bbox 419 4017 563 4084; x_wconf 90' lang='grc' dir='ltr'><strong><em>τησα</em></strong></span> <span class='ocrx_word' id='word_1_452' title='bbox 607 4004 876 4056; x_wconf 74' lang='lat' dir='ltr'><strong>BlassiuS.</strong></span> <span class='ocrx_word' id='word_1_453' title='bbox 1019 4002 1075 4086; x_wconf 84' lang='lat'><strong><em>⁴)</em></strong></span> <span class='ocrx_word' id='word_1_454' title='bbox 1112 4015 1218 4054; x_wconf 75' lang='lat' dir='ltr'><strong>scr.</strong></span> <span class='ocrx_word' id='word_1_455' title='bbox 1255 3994 1553 4070; x_wconf 67' lang='grc' dir='ltr'><strong><em>ἀρτηρίαν.</em></strong></span> <span class='ocrx_word' id='word_1_456' title='bbox 1692 4003 1734 4068; x_wconf 82' lang='lat'><strong><em>⁵)</em></strong></span> <span class='ocrx_word' id='word_1_457' title='bbox 1780 4021 1887 4056; x_wconf 74' lang='lat' dir='ltr'><strong>scr.</strong></span> <span class='ocrx_word' id='word_1_458' title='bbox 1924 3999 2317 4070; x_wconf 85' lang='grc' dir='ltr'><strong><em>πληρέστερος.</em></strong></span> <span class='ocrx_word' id='word_1_459' title='bbox 2455 4005 2497 4068; x_wconf 78' lang='lat'><strong><em>⁶)</em></strong></span> <span class='ocrx_word' id='word_1_460' title='bbox 2546 4021 2655 4058; x_wconf 83' lang='lat' dir='ltr'><strong>scr.</strong></span> 
     </span>
     <span class='ocr_line' id='line_1_44' title="bbox 422 4061 2652 4150; baseline 0.002 -30"><span class='ocrx_word' id='word_1_461' title='bbox 422 4061 635 4133; x_wconf 75' lang='grc' dir='ltr'><strong><em>ἑτέρου.</em></strong></span> <span class='ocrx_word' id='word_1_462' title='bbox 785 4072 826 4135; x_wconf 82' lang='lat'><strong><em>⁷)</em></strong></span> <span class='ocrx_word' id='word_1_463' title='bbox 864 4087 967 4124; x_wconf 80' lang='lat' dir='ltr'><strong>ser.</strong></span> <span class='ocrx_word' id='word_1_464' title='bbox 1004 4066 1208 4150; x_wconf 88' lang='grc' dir='ltr'><strong><em>μέλλει.</em></strong></span> <span class='ocrx_word' id='word_1_465' title='bbox 1346 4072 1388 4137; x_wconf 74' lang='lat'><strong><em>⁸)</em></strong></span> <span class='ocrx_word' id='word_1_466' title='bbox 1436 4073 1905 4139; x_wconf 75' lang='lat' dir='ltr'><strong>transponendum</strong></span> <span class='ocrx_word' id='word_1_467' title='bbox 1937 4074 2157 4124; x_wconf 83' lang='lat' dir='ltr'><strong>videtur</strong></span> <span class='ocrx_word' id='word_1_468' title='bbox 2191 4071 2253 4122; x_wconf 89' lang='grc' dir='ltr'><strong><em>τί</em></strong></span> <span class='ocrx_word' id='word_1_469' title='bbox 2284 4071 2451 4138; x_wconf 71' lang='grc' dir='ltr'><strong><em>δρᾷςς</em></strong></span> <span class='ocrx_word' id='word_1_470' title='bbox 2494 4067 2652 4135; x_wconf 76' lang='grc' dir='ltr'><strong><em>ἔξιθι</em></strong></span> 
     </span>
     <span class='ocr_line' id='line_1_45' title="bbox 424 4110 2655 4217; baseline 0.003 -33"><span class='ocrx_word' id='word_1_471' title='bbox 424 4129 686 4190; x_wconf 69' lang='grc' dir='ltr'><strong><em>ἐνθένδε.</em></strong></span> <span class='ocrx_word' id='word_1_472' title='bbox 864 4138 908 4217; x_wconf 78' lang='lat'><strong><em>⁹)</em></strong></span> <span class='ocrx_word' id='word_1_473' title='bbox 954 4155 1057 4190; x_wconf 78' lang='lat' dir='ltr'><strong>scr.</strong></span> <span class='ocrx_word' id='word_1_474' title='bbox 1107 4133 1258 4206; x_wconf 84' lang='grc' dir='ltr'><strong><em>ησὴ</em></strong></span> <span class='ocrx_word' id='word_1_475' title='bbox 1305 4138 1462 4205; x_wconf 89' lang='grc' dir='ltr'><strong><em>δίκη.</em></strong></span> <span class='ocrx_word' id='word_1_476' title='bbox 1644 4138 1708 4207; x_wconf 86' lang='lat'><strong><em>¹⁰)</em></strong></span> <span class='ocrx_word' id='word_1_477' title='bbox 1754 4157 1859 4191; x_wconf 85' lang='lat' dir='ltr'><strong>scr.</strong></span> <span class='ocrx_word' id='word_1_478' title='bbox 1907 4139 2015 4191; x_wconf 90' lang='grc' dir='ltr'><strong><em>σοί.</em></strong></span> <span class='ocrx_word' id='word_1_479' title='bbox 2189 4141 2253 4206; x_wconf 86' lang='lat'><strong><em>¹¹)</em></strong></span> <span class='ocrx_word' id='word_1_480' title='bbox 2302 4155 2407 4191; x_wconf 85' lang='lat' dir='ltr'><strong>scr.</strong></span> <span class='ocrx_word' id='word_1_481' title='bbox 2436 4110 2655 4206; x_wconf 76' lang='grc' dir='ltr'><strong><em>ἑαυτῇ.</em></strong></span> 
     </span>
     <span class='ocr_line' id='line_1_46' title="bbox 423 4197 2653 4339; baseline 0.002 -85"><span class='ocrx_word' id='word_1_482' title='bbox 423 4203 484 4334; x_wconf 53' lang='lat'><strong><em>:33</em></strong></span> <span class='ocrx_word' id='word_1_483' title='bbox 533 4221 638 4258; x_wconf 81' lang='lat' dir='ltr'><strong>sor.</strong></span> <span class='ocrx_word' id='word_1_484' title='bbox 665 4197 841 4333; x_wconf 56' lang='lat' dir='ltr'><strong><em>{5}ng</em></strong></span> <span class='ocrx_word' id='word_1_485' title='bbox 842 4199 1090 4339; x_wconf 49' lang='grc' dir='ltr'><strong><em>ώπουςίδ)</em></strong></span> <span class='ocrx_word' id='word_1_486' title='bbox 1223 4206 1312 4286; x_wconf 59' lang='lat'>¹³),</span> <span class='ocrx_word' id='word_1_487' title='bbox 1336 4203 1401 4258; x_wconf 90' lang='grc' dir='ltr'><strong><em>δέ</em></strong></span> <span class='ocrx_word' id='word_1_488' title='bbox 1445 4212 1544 4257; x_wconf 83' lang='lat' dir='ltr'><strong><em>aut</em></strong></span> <span class='ocrx_word' id='word_1_489' title='bbox 1587 4209 1646 4258; x_wconf 87' lang='lat' dir='ltr'><strong><em>in</em></strong></span> <span class='ocrx_word' id='word_1_490' title='bbox 1690 4206 1797 4258; x_wconf 87' lang='grc' dir='ltr'><strong><em>καί</em></strong></span> <span class='ocrx_word' id='word_1_491' title='bbox 1838 4209 2153 4259; x_wconf 82' lang='lat' dir='ltr'><strong>mutandum</strong></span> <span class='ocrx_word' id='word_1_492' title='bbox 2200 4212 2295 4258; x_wconf 83' lang='lat' dir='ltr'><strong><em>aut</em></strong></span> <span class='ocrx_word' id='word_1_493' title='bbox 2340 4207 2653 4260; x_wconf 80' lang='lat' dir='ltr'><strong>delendum.</strong></span> 
     </span>
     <span class='ocr_line' id='line_1_47' title="bbox 521 4265 1567 4340; baseline 0.004 -20"><span class='ocrx_word' id='word_1_494' title='bbox 521 4286 628 4325; x_wconf 85' lang='lat' dir='ltr'><strong>scr.</strong></span> <span class='ocrx_word' id='word_1_495' title='bbox 729 4289 760 4322; x_wconf 90' lang='grc' dir='ltr'><strong><em>ο</em></strong></span> <span class='ocrx_word' id='word_1_496' title='bbox 802 4288 869 4323; x_wconf 92' lang='grc' dir='ltr'><strong><em>ον</em></strong></span> <span class='ocrx_word' id='word_1_497' title='bbox 1129 4291 1234 4326; x_wconf 83' lang='lat' dir='ltr'><strong>scr.</strong></span> <span class='ocrx_word' id='word_1_498' title='bbox 1271 4265 1567 4340; x_wconf 83' lang='grc' dir='ltr'><strong><em>άνόμοιον.</em></strong></span> 
     </span>
    </p>
   </div>
  </div>
 </body>
</html>
