2917 4992
1217 351 1764 419 -150—-·

367 539 438 594 70
565 531 732 610 pieta
777 529 938 587 citae
980 528 1160 606 tetigi
1207 548 1327 608 quo
1373 509 1538 607 pede
1583 534 1757 586 texta
1799 524 1992 584 ratis?

483 631 579 690 bis
621 639 831 690 tamen
877 627 1141 690 adverso
1185 628 1509 689 redierunt
1553 627 1809 687 carbasa
1852 635 2074 686 vento:

565 732 831 792 mentior
874 735 924 789 a'
957 730 1244 791 demens!
1290 731 1399 790 ille
1443 730 1751 790 secundus
1798 738 1948 789 erat.

482 834 593 893 ille
639 832 944 893 secundus
993 841 1152 906 erat,
1203 832 1308 912 qui
1350 851 1448 891 me
1494 829 1806 891 referebat
1852 839 2099 890 euntem

571 936 800 1016 quique
844 954 1059 1015 parum
1103 933 1256 993 felix
1298 932 1668 1013 inpediebat
1711 933 1848 991 iter.

370 1045 439 1100 75
484 1045 671 1117 atque
714 1036 950 1095 utinam
993 1043 1285 1096 constans
1331 1043 1548 1095 eontra
1590 1030 1729 1094 mea
1770 1033 1916 1092 vela
1958 1033 2207 1093 fuisset!

566 1137 678 1198 sed
723 1138 1032 1198 stultumst
1074 1137 1249 1197 venti
1295 1136 1374 1197 de
1418 1137 1674 1196 levitate
1722 1136 1916 1216 queri.

481 1248 648 1299 mota
689 1239 810 1299 loci
854 1240 1018 1298 fama.
1062 1238 1473 1318 properabam
1516 1239 1721 1297 visere
1762 1237 2002 1310 Delon,

571 1349 634 1400 et
675 1341 884 1399 faeere
930 1342 1157 1418 ignava
1200 1359 1415 1420 puppe
1458 1338 1721 1398 videbar
1761 1340 1899 1399 iter.
1942 1387 1948 1400 .

484 1461 666 1522 quam
711 1460 902 1521 saepe
943 1449 1012 1500 ut
1052 1440 1245 1501 tardis
1291 1441 1413 1501 feei
1459 1441 1741 1500 convicia
1784 1441 1966 1500 remis

368 1551 440 1606 80
569 1551 913 1624 questaque
955 1563 1092 1604 sum
1130 1551 1321 1602 vento
1365 1544 1563 1602 lintea
1606 1561 1797 1622 parea
1839 1541 2003 1601 dari!

485 1653 548 1704 et
589 1645 712 1704 iam
754 1645 1120 1705 transieram
1162 1645 1481 1724 Myconon
1525 1643 1647 1716 iam
1691 1645 1917 1703 Tenon
1964 1650 2026 1702 et
2068 1640 2363 1716 Andron,

568 1748 760 1827 inque
801 1747 956 1806 meis
1002 1746 1190 1806 oeulis
1237 1745 1507 1805 eandida
1551 1746 1747 1805 Delos
1794 1753 1945 1804 erat.

488 1868 669 1929 quam
712 1848 928 1928 proeul
969 1856 1038 1906 ut
1080 1847 1240 1921 vidi,
1290 1839 1471 1927 ‘quid
1516 1866 1613 1906 me
1658 1847 1851 1925 fugis,
1899 1846 2134 1905 insula’
2184 1845 2342 1919 dixi,
2389 1919 2397 1928 ι

573 1948 830 2009 ‘laberis
874 1949 941 2008 in
985 1968 1209 2027 magno
1257 1947 1587 2028 numquid,
1631 1956 1699 2008 ut
1743 1956 1921 2022 ante,
1968 1947 2195 2007 marii„

371 2059 440 2113 85
485 2050 830 2109 institeram
873 2059 1106 2124 terrae,
1155 2069 1289 2110 eum
1331 2051 1453 2110 iam
1497 2069 1695 2131 prope
1738 2050 1876 2109 luce
1920 2057 2175 2130 peraeta

574 2152 822 2212 demere
865 2153 1192 2232 purpureis
1239 2151 1350 2213 Sol
1390 2152 1537 2231 iuga
1579 2152 1775 2212 vellet
1819 2152 2013 2232 equis.

489 2273 644 2334 quos
689 2253 857 2313 idem
901 2255 1114 2314 solitos
1159 2262 1488 2334 postquam
1530 2254 1848 2315 revocavit
1892 2253 1973 2312 ad
2019 2261 2216 2326 ortus,

575 2364 892 2414 comuntur
936 2363 1184 2415 nostrae
1228 2364 1423 2415 matre
1470 2354 1723 2415 iubente
1770 2374 2009 2428 comae,

457 2457 628 2536 -ipsa
673 2455 848 2516 dedit
890 2475 1162 2535 gemmas
1211 2455 1420 2536 digitis
1468 2465 1531 2516 et
1574 2455 1841 2515 crinibus
1886 2475 2096 2515 aurum

375 2567 446 2622 90
575 2566 638 2617 et
678 2565 885 2617 vestes
929 2558 1196 2619 humeris
1240 2558 1444 2618 induit
1486 2559 1626 2638 ipsa
1668 2559 1840 2617 meis.

490 2660 772 2740 protinus
819 2679 1110 2739 egressae
1153 2661 1423 2741 superiS,
1475 2659 1694 2741 quibus
1739 2659 1945 2718 insula
1988 2667 2250 2732 sacrast,

575 2761 737 2820 flava
781 2762 1061 2822 salutatis
1107 2770 1243 2822 tura
1286 2781 1642 2842 merumque
1689 2759 1901 2821 damus
1918 2806 1933 2835 ,

493 2861 759 2943 dumque
805 2883 1034 2942 parens
1081 2883 1217 2923 aras
1261 2864 1474 2923 votivo
1520 2864 1825 2942 sanguine
1869 2862 2056 2940 tingit

577 2963 862 3044 festaque
907 2965 1159 3024 fumosis
1202 2965 1432 3043 ingerit
1478 2973 1621 3025 exta
1665 2964 1849 3038 focis,

379 3071 448 3127 95
491 3063 712 3126 sedula
753 3086 852 3125 me
898 3066 1104 3126 nutrix
1147 3066 1302 3126 alias
1350 3085 1597 3147 quoque
1646 3064 1811 3124 ducit
1853 3066 1921 3124 in
1966 3065 2187 3139 aedes,

579 3186 971 3249 erramusque
1017 3187 1177 3247 vago
1223 3189 1337 3248 per
1379 3168 1517 3227 loea
1562 3187 1735 3226 saera
1779 3165 1964 3247 pede.

494 3276 556 3328 et
596 3269 780 3330 modo
827 3271 1162 3350 porticibus
1205 3270 1445 3350 spatior
1488 3268 1673 3328 modo
1718 3288 1976 3328 munera
2018 3286 2232 3347 regum

315 3611 324 3616 -
483 3552 536 3589 v.
572 3539 638 3588 ‘10
669 3541 815 3603 picta
847 3555 987 3591 meae
1022 3541 1069 3588 L
1095 3555 1148 3590 v.
1209 3546 1342 3589 testa
1376 3556 1428 3589 v.
1455 3565 1520 3576 -
1556 3554 1609 3591 v.
1646 3541 1709 3589 ’11
1746 3539 1825 3588 his
1860 3546 2024 3588 tamen
2059 3539 2148 3590 P3
2172 3553 2223 3592 v,
2278 3539 2509 3603 ,qarbasa
2542 3557 2600 3594 v,

350 3649 414 3658 —
461 3637 515 3673 v.
554 3623 619 3672 72
661 3625 878 3674 mentior
921 3623 988 3673 ah
1029 3625 1113 3674 itte
1155 3626 1408 3674 secundus
1453 3631 1595 3681 erat,
1641 3623 1709 3673 ak
1742 3623 1801 3672 in
1839 3637 2061 3682 rasura,
2108 3623 2215 3674 P3,
2283 3624 2350 3673 Ιια
2384 3639 2411 3672 r
2436 3639 2488 3674 v.
2530 3652 2599 3662 —

350 3723 404 3758 v.
442 3710 507 3758 ’13
553 3723 690 3757 mere
729 3708 936 3770 ferebat
980 3710 1046 3758 L.
1091 3732 1159 3744 ·--
1215 3722 1269 3758 v.
1308 3709 1374 3758 74
1407 3709 1715 3772 impediebat
1747 3710 1794 3757 L
1819 3710 1909 3760 1³3
1932 3723 1960 3758 ι·
1982 3725 2035 3758 v.
2084 3733 2147 3743 —-
2206 3723 2257 3758 v.
2295 3710 2360 3759 ‘17
2394 3711 2600 3760 viscere
2641 3769 2652 3774 ,

349 3793 528 3842 Delum
549 3807 604 3853 v,
640 3794 806 3842 visere
831 3793 1009 3842 Delum
1031 3794 1120 3844 ΡΒ
1144 3808 1187 3844 r.
1215 3819 1279 3829 —
1313 3806 1366 3842 v.
1394 3793 1463 3842 ’18
1490 3807 1631 3857 pupe
1654 3808 1684 3842 r
1706 3808 1759 3844 v.
1783 3819 1850 3828 —
1885 3808 1938 3843 v.
1969 3794 2035 3843 ’19
2058 3793 2278 3843 convitia
2301 3793 2347 3842 L
2372 3793 2463 3845 P3,
2486 3809 2515 3842 r
2540 3810 2596 3846 v.

353 3903 414 3911 —-
459 3894 512 3926 v.
548 3876 616 3927 80
660 3878 789 3928 dare
823 3876 912 3928 1³3
936 3894 986 3930 v.
1035 3905 1099 3912 —
1144 3895 1198 3929 v.
1234 3878 1299 3927 81
1335 3893 1579 3942 myconen
1610 3877 1687 3941 L,
1734 3893 1991 3943 myoonem
2022 3877 2112 3928 P3
2135 3893 2187 3931 V.
2267 3877 2461 3943 Mycon
2493 3879 2600 3930 iam

349 3958 574 4012 antemio*
607 3969 658 4010 et
693 3976 735 4013 r.
793 3961 880 4012 P3
915 3963 1088 4013 habet
1123 3964 1180 4012 in
1216 3963 1467 4028 margine
1502 3963 1624 4012 Hae
1658 3970 1777 4013 sunt
1810 3978 1871 4014 1v
1902 3965 2098 4012 insulae
2133 3963 2386 4028 cyclades,
2436 3962 2601 4014 Delos

351 4047 546 4111 Mycon
584 4045 750 4096 Tenos
784 4051 835 4096 et
869 4046 1099 4097 Andros.
1137 4074 1203 4082 —-
1249 4063 1300 4099 v.
1336 4048 1402 4096 82
1440 4047 1664 4096 eandida
1687 4046 1959 4112 Phosphor
1993 4062 2036 4095 r.
2072 4071 2141 4082 ·-
2174 4061 2228 4097 v.
2265 4046 2333 4096 84
2368 4049 2603 4112 nunquid

351 4130 396 4177 L
422 4129 511 4180 Ps
536 4144 639 4182 rv.
675 4141 743 4165 -·-
786 4145 839 4180 v.
876 4130 943 4181 81
977 4134 1117 4196 quod
1148 4133 1213 4182 L.
1249 4157 1318 4168 —-
1361 4146 1413 4181 v.
1451 4131 1519 4181 89
1564 4132 1797 4182 cruribus
1830 4132 1920 4182 P3
1944 4147 1997 4182 v.
2034 4157 2101 4165 —
2147 4145 2199 4181 v.
2225 4131 2289 4181 91
2323 4138 2482 4196 yram
2516 4140 2601 4182 est

348 4213 467 4274 P3,
515 4214 608 4277 qui
642 4214 701 4262 in
736 4215 986 4278 margine
1020 4231 1176 4266 sacra
1209 4215 1408 4278 habet,
1459 4219 1516 4265 et
1550 4231 1603 4277 r,
1648 4213 1868 4266 seilicet
1915 4231 1983 4266 ex
2026 4220 2163 4265 met.
2196 4215 2333 4266 VIII
2368 4203 2487 4266 5'90.
2524 4242 2601 4254 -—

353 4312 404 4348 v.
444 4298 512 4347 94
545 4303 786 4363 sectaque
822 4299 1107 4352 Heinsius.
1148 4325 1203 4334 —
1244 4317 1294 4351 v.
1333 4304 1400 4352 96
1436 4316 1734 4367 eramusque
1770 4316 1813 4351 r.
1854 4327 1918 4336 -
1955 4316 2005 4354 v.
2042 4301 2108 4352 91
2144 4315 2351 4369 regnan}
2385 4315 2438 4351 v·
