2917 4992
1059 405 1122 414 -
1226 366 1517 430 105-

189 543 540 613 iudicantur‚
588 539 702 601 sed
748 539 826 600 ab
873 541 962 600 eis
1009 561 1168 621 quae
1213 541 1506 601 sciuntur.
1582 543 1788 622 qualia
1830 542 2112 602 siminus
2158 551 2406 623 praesto

191 653 350 720 sunt,
413 645 616 724 potius
673 643 1033 724 opinionem
1091 643 1294 702 animo
1342 652 1801 724 praesumptam
1857 665 2041 725 quam
2094 646 2406 705 testimoni

190 747 596 806 auctoritatem
650 745 1000 805 abiciamus.
1087 747 1298 825 itaque
1359 764 1396 803 a
1457 745 1691 805 scholio
1739 746 2086 826 Sophocleo
2145 749 2407 828 profecti

190 869 308 908 eam
349 850 472 907 iam
517 847 878 928 suscipimus
927 848 1382 928 quaestionem,
1433 867 1593 928 quae
1639 856 1733 907 est
1780 848 1858 908 de
1904 849 2111 909 aetio
2160 849 2406 910 fabulae

188 959 420 1010 nostrae
462 949 848 1033 indagando.

335 1052 525 1112 Aetia
551 1049 882 1111 Battiadae
929 1069 1081 1131 opus
1126 1051 1312 1129 longe
1359 1050 1819 1111 celeberrimum
1864 1051 2177 1133 quodnam
2208 1073 2405 1131 genus

187 1162 530 1232 argumenta
571 1153 958 1213 inlustrarint
989 1172 1234 1233 quaque
1263 1153 1529 1226 ratione,
1576 1154 1733 1212 varii
1763 1161 2108 1214 statuerunt
2134 1156 2325 1214 varia.
2346 1151 2396 1232 ¹)

187 1255 348 1315 nobis
393 1256 510 1315 hac
561 1256 626 1314 in
674 1273 889 1314 caussa
948 1273 1246 1334 perquam
1299 1253 1563 1328 lubrica,
1629 1255 1695 1313 in
1756 1276 1875 1336 qua
1940 1256 2237 1334 perfacile
2306 1267 2400 1317 est

185 1358 552 1416 coniecturas
598 1355 893 1429 fundere,
954 1357 1236 1415 coniecta
1276 1357 1463 1416 firmis
1508 1355 1775 1435 probare
1820 1359 2192 1434 argumentis
2240 1357 2397 1419 diffi-

132 1516 137 1520 .
184 1459 304 1533 cile,
350 1467 545 1520 tutum
573 1460 756 1520 unice
785 1456 1097 1532 habemuS,
1145 1477 1182 1516 a
1211 1465 1378 1517 certo
1411 1455 1597 1517 ordiri
1628 1459 1830 1539 Prop
1850 1461 1996 1518 erti
2024 1461 2395 1534 testimonie,

181 1561 274 1640 qui
317 1563 606 1620 Romanus
652 1562 1019 1621 Callimachus
1073 1560 1367 1622 extiturus
1425 1557 1519 1636 (V
1566 1569 1624 1634 l,
1682 1557 1779 1631 64)
1834 1562 1985 1622 talia
2039 1563 2399 1644 pronuntiat

183 1660 346 1740 (ibid.
391 1659 518 1742 69):

277 1816 496 1856 sacra
539 1801 806 1874 diesque
848 1817 1047 1857 canam
1093 1806 1149 1856 et
1193 1802 1611 1872 coynomz’na
1644 1802 1902 1872 prisca
1948 1803 2279 1860 locorum.

179 1954 272 1993 eas
316 1935 503 2012 igitur
544 1937 832 1994 materias
879 1934 1150 1996 Graecus
1199 1954 1445 2014 quoque
1500 1941 1689 2013 poeta
1743 1936 2027 1995 tractavit
2070 1937 2136 1994 in
2184 1938 2397 2015 elegiis

177 2036 582 2114 aetiologiciS,
644 2057 898 2117 quarum
939 2055 1352 2116 unaquaeque
1396 2036 1712 2114 peculiare
1764 2036 2231 2119 absolutumque
2285 2039 2400 2097 fuit

177 2157 432 2196 carmen.
448 2133 500 2215 2)
591 2157 736 2196 nam
777 2139 896 2196 hoc
940 2157 1186 2217 quoque
1235 2136 1456 2196 docere
1487 2137 1734 2196 videtur
1776 2140 2097 2218 explorata
2140 2139 2397 2198 imitatio

175 2239 474 2318 Properti,
522 2241 688 2300 cuius
732 2240 851 2299 huc
894 2240 1128 2298 faciunt
1171 2238 1312 2299 libri
1356 2240 1415 2300 V
1459 2239 1731 2298 carmina
1772 2247 1825 2313 4,
1872 2249 1924 2314 9,
1976 2249 2056 2301 10.
2148 2246 2209 2298 et
2254 2260 2397 2298 con-

171 2338 413 2400 firmabo
459 2343 831 2401 sententiam
886 2361 1084 2401 meam
1140 2362 1264 2401 uno
1324 2341 1628 2420 exemplO.
1718 2342 1777 2402 V
1818 2351 1852 2405 9
1896 2361 2040 2401 arae
2096 2343 2398 2400 maximae

176 2441 462 2504 Curensis
489 2444 1016 2504 consecrationem
1031 2432 1302 2524 explicat
1316 2443 1725 2525 Herculisque
1741 2442 1820 2502 ad
1843 2444 2013 2503 illam
2036 2444 2399 2524 religionem

299 2695 342 2760 ¹)
389 2695 476 2748 Cf.
512 2695 696 2748 Naeki
729 2696 869 2747 Hec.
915 2713 967 2762 p.
1006 2698 1072 2746 66
1108 2712 1188 2762 sq.
1239 2701 1298 2747 et
1344 2695 1617 2746 accedant
1660 2711 1804 2747 nunc
1847 2696 2071 2762 placitis
2116 2697 2397 2747 doctorum

171 2781 404 2832 virorum
440 2781 522 2832 ibi
557 2781 804 2832 recensis
842 2797 909 2831 ea
932 2781 1264 2846 Hertzbergi
1290 2784 1526 2846 quaestt.
1554 2781 1719 2846 Prop.
1744 2797 1796 2846 p.
1828 2783 1924 2831 195
1948 2797 2065 2846 sqq.
2106 2786 2161 2832 et
2186 2781 2399 2834 Ztschr.

171 2867 208 2916 f.
241 2868 307 2918 A.
348 2867 478 2917 1847
514 2883 567 2919 n.
605 2868 668 2917 1‘1
705 2870 760 2916 et
786 2867 866 2928 18,
907 2865 972 2916 O.
1001 2865 1324 2916 Schneideri
1359 2865 1684 2930 Rauchique
1720 2866 1780 2914 in
1812 2865 2021 2916 libellis
2056 2867 2281 2931 saepius
2315 2867 2401 2916 in-

172 2951 370 3002 dicatis
406 2965 543 3016 quos
579 2951 646 3001 de
685 2951 851 3000 aetiis
888 2951 1354 3015 conscripserunt,
1395 2950 1629 3016 denique
1653 2949 1998 3015 Bernhardyi
2019 2950 2146 3004 hist.
2171 2951 2277 3001 litt.
2308 2949 2399 3004 Gr.

169 3035 220 3085 II
253 3034 320 3084 2²
355 3049 406 3099 p.
444 3036 562 3086 635.
635 3051 665 3085 e
713 3034 908 3100 quibus
956 3051 988 3084 a
1023 3035 1264 3086 veritate
1300 3035 1543 3100 proxime
1582 3035 1780 3086 abesse
1826 3035 1989 3086 credo
2026 3036 2243 3086 Rauchi
2278 3051 2399 3086 sen-

170 3122 426 3184 tentiam,
462 3119 601 3170 licet
637 3135 746 3168 non
782 3119 940 3170 modo
976 3119 1033 3169 in
1069 3119 1298 3185 singulis
1335 3119 1698 3171 multifariam
1734 3119 1832 3170 ille
1868 3119 2074 3170 titubet
2111 3124 2276 3184 atque
2314 3136 2395 3170 er-

171 3210 276 3268 ret,
327 3205 422 3254 sed
458 3206 629 3255 etiam
665 3204 930 3254 materiae
966 3203 1420 3270 impeditissimas
1459 3205 1679 3256 omnino
1716 3218 1821 3254 nec
1859 3204 1937 3254 ab'
1967 3204 2259 3269 diligentia
2293 3221 2397 3254 nec

172 3290 235 3339 ab
273 3289 528 3339 doctrina
561 3287 876 3354 iudicioque
913 3289 1052 3339 satis
1089 3289 1283 3340 faciat.
1331 3289 1507 3340 ceteri
1546 3289 1615 3339 ad
1649 3302 1813 3337 unum
1850 3303 2037 3338 omnes
2072 3289 2237 3338 nimis
2279 3289 2399 3338 fere

171 3373 420 3424 diffusam
470 3389 538 3424 ac
582 3373 971 3424 versicolorem
1021 3379 1463 3439 argumentorum
1508 3373 1849 3439 farraginem
1894 3374 2154 3438 poeticae
2190 3377 2401 3424 tracta-

172 3458 305 3508 tioni
343 3475 408 3508 ex
441 3463 602 3524 parte
637 3474 830 3524 parum
863 3457 1054 3508 hercle
1091 3463 1276 3524 aptam
1315 3463 1513 3525 poetae
1550 3459 1860 3524 iniungunt.
1910 3457 2052 3523 quod
2089 3457 2309 3523 quidem
2344 3459 2403 3508 in

175 3543 235 3594 O.
275 3543 601 3594 Schneider-i
638 3558 852 3608 quoque
889 3541 1042 3593 cadit
1076 3543 1434 3608 sententiam,
1474 3543 1567 3608 qui
1600 3543 1803 3593 ceteris
1836 3541 2001 3610 longe
2038 3542 2405 3608 explicatiora

173 3643 236 3678 ac
285 3627 576 3678 subtiliora
622 3628 689 3677 de
739 3627 904 3677 aetiis
950 3628 1271 3693 disputavit.
1345 3628 1443 3678 sed
1482 3627 1755 3678 accedunt
1802 3628 1950 3679 aliae
1986 3629 2230 3678 rationes
2265 3628 2403 3677 satis

171 3728 392 3777 graves,
433 3727 530 3763 cur
563 3711 723 3762 huius
762 3719 1204 3778 argumentorum
1243 3727 1384 3777 quae
1421 3713 1626 3778 singuli
1654 3713 1841 3763 aetion
1863 3714 1993 3764 libri
2018 3713 2404 3763 continuerunt

173 3813 236 3847 ex
269 3798 494 3863 Hygino
538 3797 772 3862 petitam
815 3797 1242 3863 descriptionem
1289 3797 1424 3846 ferri
1470 3813 1629 3862 posse
1678 3813 1991 3864 pernegem.
2052 3813 2241 3848 verum
2278 3811 2401 3846 eam

172 3896 283 3931 rem
319 3886 379 3931 ut
414 3896 577 3944 quam
612 3896 720 3932 non
755 3883 865 3932 nisi
902 3882 1071 3947 digna
1109 3897 1242 3932 cura
1285 3880 1488 3932 vellem
1536 3883 1843 3946 attingere,
1892 3882 1961 3931 ab
2006 3881 2096 3932 his
2130 3881 2405 3946 angustiis

171 3970 344 4015 totam
378 3966 689 4032 segregavi.
747 3965 804 4015 id
841 3967 981 4030 quod
1015 3967 1177 4017 huius
1213 3966 1605 4030 disputationis
1640 3965 1785 4016 bono
1822 3966 2033 4016 factum
2070 3965 2300 4015 confido.

304 4065 347 4129 2)
393 4066 742 4117 Contrarium
786 4072 1029 4118 statuere
1078 4083 1198 4118 cum
1249 4067 1348 4117 alii
1395 4073 1509 4117 tum
1550 4066 1974 4131 Hertzbergius‚
2027 4065 2120 4132 qui
2166 4070 2404 4132 quaestt.

171 4151 334 4216 Prop.
371 4168 422 4217 p.
462 4153 559 4202 196
585 4168 666 4217 sq.
705 4153 850 4202 serio
891 4151 1156 4214 affirmat,
1205 4151 1452 4217 singulas
1500 4149 1725 4200 fabulas
1771 4167 1869 4216 per
1904 4151 2195 4201 formulam
2230 4143 2270 4216 ἢ
2305 4147 2403 4218 οἴη

171 4236 260 4286 vel
295 4224 339 4302 ἢ
369 4227 443 4296 ὥς
478 4238 624 4287 inter
659 4253 718 4288 se
755 4253 927 4287 nexas
964 4237 1136 4287 fuisse
1185 4239 1442 4288 tralaticio
1477 4239 1561 4288 illo
1598 4237 1717 4286 inde
1754 4236 1817 4286 ab
1852 4237 2086 4288 Hesiodo
2122 4253 2278 4288 more.
2328 4237 2403 4288 cf.

172 4321 414 4372 eiusdem
451 4323 966 4374 commentationem
1003 4321 1092 4373 die
1127 4321 1326 4388 Elegio
1362 4321 1460 4374 der
1494 4320 1895 4376 Alexandriner
1927 4320 1967 4372 1.
2006 4336 2055 4372 c.
2092 4337 2146 4391 p.
2186 4321 2301 4374 1⁷9.
