2917 4992
1353 357 1767 418 -12-

449 535 568 592 ista
614 551 857 611 prorsus
902 533 1179 610 ineptum
1224 551 1480 588 acumen
1528 531 1711 601 effici,
1760 549 1894 588 cum
1937 530 2299 608 praesertim
2339 529 2696 589 Hesiodum

451 643 772 713 poetarum
827 633 1101 691 iudicare
1163 633 1432 690 infimum
1490 632 1596 690 vix
1651 633 1933 710 cuiquam
1977 632 2041 689 in
2063 659 2064 662 ¹
2087 640 2356 690 mentem
2398 651 2697 710 umquam

451 735 738 794 venerit?
783 755 964 813 porro
997 735 1063 792 ..si
1109 726 1234 790 τὸν
1279 722 1537 790 ἆοιδὸν
1582 729 1822 809 ἔσχατον
1868 742 1931 790 et
1972 720 2037 788 τὸ
2083 725 2495 809 μελιχρότατον
2539 732 2697 789 τῶν

453 831 682 894 ἐπέων
727 836 806 894 de
855 834 1073 894 eodem
1119 836 1384 893 carmine
1434 834 1661 893 dictum
1706 843 1827 907 est,
1889 855 1993 893 cur
2036 835 2203 912 prius
2259 835 2413 893 illud
2457 835 2695 913 repeti-

452 939 625 997 tione
671 938 944 996 variatur
986 945 1112 994 tam
1155 937 1414 995 moleste
1459 944 1709 1014 tamque
1758 935 1955 994 dure‘?
2018 943 2081 993 at
2123 955 2271 993 vero
2318 937 2453 994 sine
2498 936 2695 994 dubio

455 1060 583 1098 non
639 1038 989 1098 Hesiodo
1049 1039 1382 1117 opponitur
1437 1037 1779 1113 HesioduS,
1850 1036 1964 1095 sed
2020 1037 2373 1097 Homero,
2471 1038 2699 1096 horum

458 1141 619 1199 enim
677 1149 875 1198 utrum
922 1140 1259 1198 aemulatus
1317 1140 1396 1197 sit
1442 1139 1668 1197 Aratus
1725 1140 1977 1217 antiquo
2033 1147 2311 1216 tempore
2368 1160 2558 1218 saepe
2618 1160 2697 1197 ac

454 1243 705 1300 multum
751 1249 1044 1300 certatum
1093 1261 1259 1314 esse,
1308 1241 1671 1318 conligimus
1706 1260 1739 1298 e
1774 1239 2035 1298 diversis
2081 1238 2461 1299 diversorum
2490 1261 2689 1318 gram-

455 1344 809 1401 maticorum
852 1343 968 1400 hac
1016 1341 1093 1400 de
1138 1362 1204 1400 re
1249 1342 1522 1415 iudiciis,
1583 1361 1740 1421 quae
1792 1343 1857 1401 in
1914 1342 2055 1399 vitis
2102 1340 2277 1414 Arati
2330 1343 2559 1401 insunt.
2610 1345 2695 1401 cf.

458 1443 878 1520 Sengebusch.
940 1443 1084 1502 diss.
1141 1444 1323 1502 Hom.
1379 1444 1411 1501 I
1468 1465 1531 1522 p.
1591 1451 1660 1505 63
1715 1463 1808 1522 sq.
1896 1443 2058 1500 hanc
2112 1442 2697 1522 interpretationem

457 1566 590 1603 cum
634 1553 862 1620 certam
907 1545 1190 1618 arbitrer,
1241 1565 1313 1603 eo
1361 1544 1634 1604 adducor
1677 1553 1743 1604 ut
1788 1541 2029 1620 ἔσχατον
2075 1554 2420 1624 corruptum
2459 1555 2696 1624 putem.

457 1667 575 1706 nec
618 1645 817 1704 habeo
864 1647 927 1704 in
975 1647 1290 1724 praesenti
1353 1645 1520 1724 quod
1580 1647 1772 1724 magis
1834 1647 2079 1724 placeat
2138 1667 2318 1725 quam
2364 1641 2698 1720 θέσφατον.

456 1749 544 1806 ita
587 1747 870 1826 procedit
914 1748 1233 1826 aptissima
1275 1749 1622 1806 sententia:
1671 1747 1961 1806 ‘Hesiodi
2009 1768 2087 1806 en
2126 1755 2187 1805 et
2218 1748 2501 1806 materies
2529 1742 2577 1824 ¹)
2634 1757 2703 1806 et

459 1851 643 1908 color.
702 1868 926 1908 vereor
969 1869 1050 1906 ne
1089 1847 1316 1906 Aratus
1362 1869 1490 1907 non
1534 1848 1704 1908 illum
1754 1848 2049 1908 divinitus
2093 1849 2423 1908 immissum
2466 1858 2698 1922 vatem,

458 1951 570 2009 sed
614 1949 877 2008 Hesiodi
920 1934 1124 2026 potius
1171 1949 1585 2008 dulcissimum
1630 1970 1781 2028 epos
1827 1951 2095 2010 imitatus
2142 1952 2268 2010 sit'.
2334 1951 2423 2008 ita
2467 1953 2697 2009 acumi—

458 2053 554 2111 nis
611 2052 816 2110 omnia
873 2051 1063 2129 plena
1123 2059 1184 2108 et
1241 2052 1615 2129 epigramma
1669 2071 1817 2110 vere
1877 2051 2373 2110 Callimacheum.
2418 2053 2699 2112 Homero

357 2160 362 2164 ’
455 2140 643 2234 ἀοιδῷ
687 2160 1084 2231 opponuntur
1127 2153 1447 2211 Hesiodea
1493 2173 1683 2231 opera
1728 2161 1791 2211 et
1838 2152 1969 2212 dies
2015 2162 2083 2211 ut
2126 2149 2270 2227 ἔπη,
2316 2152 2407 2212 illi
2454 2154 2698 2232 epithe-

459 2265 566 2314 ton
630 2255 887 2333 petitum
947 2274 1022 2312 ex
1075 2254 1379 2312 tralaticia
1436 2256 1629 2328 fama,
1698 2254 1838 2312 huic
1896 2275 1928 2312 e
1986 2256 2238 2333 propria
2298 2275 2409 2313 sua
2465 2255 2701 2314 virtute

460 2357 723 2434 poetica.
773 2374 929 2433 quae
979 2355 1250 2436 dedique
1284 2363 1556 2414 extremo
1591 2356 2030 2439 epigrammate
2061 2357 2124 2413 in
2159 2355 2389 2414 Arateo
2423 2358 2701 2416 carmine

461 2457 823 2515 nominatim
867 2456 1332 2534 praedicantur,
1378 2465 1568 2515 tenue
1612 2466 1963 2537 tersumque
2008 2477 2203 2535 genus
2250 2465 2435 2537 atque
2482 2457 2701 2517 elabo-

459 2567 594 2617 rata
637 2578 735 2616 ars
761 2553 845 2634 ²),
897 2577 971 2616 ea
1001 2558 1185 2616 facile
1228 2559 1530 2637 perspicis
1566 2558 2005 2618 Callimachum
2034 2561 2304 2619 Homero
2338 2560 2705 2638 abrogatum

597 2759 640 2824 ¹)
677 2761 766 2810 Ita
805 2749 1010 2825 ἄεισμα
1047 2761 1396 2824 interpretor.
1470 2761 1749 2825 respicere
1788 2765 1969 2810 autem
2004 2759 2383 2810 Callimachus
2420 2764 2603 2824 potest
2644 2767 2706 2810 et

460 2837 848 2910 ἀστρονομίαν
883 2845 1126 2893 Hesiodo
1175 2845 1508 2908 adscriptam
1557 2850 1613 2895 et
1660 2838 1817 2909 ἔργα.
1890 2861 2113 2910 quorum
2158 2845 2303 2894 haec
2348 2845 2469 2894 sola
2514 2848 2706 2896 notari

467 2930 664 2978 statuit
699 2928 1194 2998 Marckscheffelus
1230 2930 1362 2980 Hes.
1400 2930 1545 2994 frgg.
1586 2947 1637 2994 p.
1677 2931 1789 2981 195.

597 3011 637 3074 ²)
678 3013 800 3062 Hoc
846 3013 990 3060 enim
1038 3012 1270 3062 consilio
1307 3013 1543 3062 Arateus
1589 3013 1733 3063 liber
1778 3014 1977 3063 dicitur
2022 3007 2307 3079 σύμβολον
2353 3004 2703 3080 ἀγρυπνίης.

465 3096 606 3160 quod
665 3111 774 3143 non
809 3101 1108 3146 assecutus
1156 3097 1392 3162 scriptor
1436 3097 1587 3147 vitae
1646 3113 1785 3163 quae
1833 3100 2003 3147 tertia
2050 3103 2133 3148 est
2178 3099 2502 3148 Aratearum
2552 3102 2706 3163 apud

461 3183 940 3230 Westermannum
987 3181 1126 3235 dicit
1159 3199 1210 3247 p.
1251 3183 1342 3230 59:
1389 3171 1503 3246 ἤδη
1541 3179 1639 3232 καὶ
1676 3173 1705 3230 ὁ
1744 3182 2109 3247 Καλλίμαχος
2156 3182 2502 3247 συνεγγίζων
2538 3174 2706 3248 αὐτῷ

461 3259 609 3314 κατὰ
655 3257 786 3322 τοὺς
831 3257 1068 3330 χρόνους
1104 3263 1204 3315 τοῦ
1239 3255 1471 3328 Ἀροὶτου
1508 3258 1781 3331 σύγγονος
1828 3258 2153 3330 οἷγρυπνίης
2202 3260 2307 3331 τὴν
2344 3265 2455 3316 τῶν
2493 3283 2704 3330 φαινο-

463 3344 650 3413 μένων
687 3349 945 3411 θεωρίαν
994 3341 1116 3399 dno}
1161 3341 1284 3412 τὴν
1319 3343 1813 3414 παρατήρησίν
1850 3364 2028 3416 φησιν
2065 3355 2267 3415 (φησιν
2306 3368 2335 3400 e
2374 3353 2706 3402 coniectura

461 3438 612 3482 recte
652 3434 806 3482 addit
829 3433 1325 3496 Westermannus).
1395 3434 1591 3484 melius
1618 3435 2016 3485 Callimachum
2042 3434 2523 3492 intellexit.Cinna
2551 3439 2706 3501 apud

460 3518 727 3568 Isidorum
763 3518 838 3568 VI
874 3520 962 3566 12:

836 3602 994 3651 Haec
1032 3602 1136 3651 tibi
1171 3601 1395 3653 Arateis
1431 3603 1655 3653 multum
1689 3604 1931 3668 vigilata
1965 3604 2208 3656 lucernis

904 3687 1166 3750 carmina,
1207 3689 1328 3752 quis
1365 3689 1525 3752 ignes
1564 3705 1609 3738 e.
1650 3705 1703 3753 q.
1740 3704 1783 3738 s.

463 3787 559 3836 ubi
594 3803 646 3836 v.
687 3787 712 3834 1
753 3785 990 3837 fortasse
1018 3788 1364 3838 scribendum
1403 3789 1509 3838 erit
1544 3791 1795 3853 eviyilata,
1835 3806 1954 3840 cum
1980 3790 2111 3840 libri
2144 3791 2392 3842 habeant
2416 3793 2706 3858 invigilo-ta.

461 3888 588 3921 nam
628 3871 766 3921 Stat.
806 3870 930 3922 silv.
967 3873 1042 3922 IV
1077 3875 1125 3934 6,
1164 3874 1230 3922 25
1268 3877 1324 3922 et
1355 3875 1523 3938 Verg.
1564 3873 1673 3923 Cir.
1710 3876 1778 3922 46
1826 3873 1920 3936 (cf.
1960 3875 2337 3925 Weichertum
2380 3880 2551 3940 poett.
2596 3877 2704 3928 lat.

464 3973 515 4020 p.
544 3955 661 4019 195)
697 3957 792 4004 ubi
821 3960 906 4005 est
939 3959 1134 4006 multum
1169 3959 1376 4021 viyilata
1399 3958 1479 4007 nil
1504 3959 1753 4022 probant,
1792 3959 2045 4022 quoniam
2078 3964 2133 4009 et
2168 3962 2387 4010 omnino
2412 3961 2709 4020 variantur

463 4039 601 4086 talia
625 4041 893 4089 imitando
931 4045 986 4090 et
1021 4043 1352 4105 posteriores
1406 4047 1609 4108 poetae
1646 4043 1969 4107 diligentius
2007 4049 2210 4094 cavent
2246 4046 2315 4095 ab
2355 4045 2706 4098 elisionibus,

466 4122 566 4171 Ov.
606 4125 748 4173 trist.
788 4127 814 4172 1
852 4127 896 4181 1,
936 4127 1059 4175 108:
1110 4143 1234 4191 quos
1278 4129 1496 4176 studium
1539 4136 1745 4178 cunctos
1790 4129 2042 4190 eviyilavit
2084 4131 2231 4179 idem.
2305 4133 2550 4180 ceterum
2586 4131 2706 4180 He-

465 4205 622 4269 dylus
659 4221 871 4271 quoque
916 4208 1066 4258 anth.
1103 4213 1163 4262 P.
1205 4211 1438 4276 append.
1478 4215 1571 4274 33,
1608 4214 1637 4260 2
1673 4204 1872 4268 λεπτός
1911 4216 1966 4260 et
2002 4205 2261 4276 μελιχρός
2308 4213 2589 4264 adiectiva
2632 4215 2706 4264 de

467 4291 622 4354 poesi
659 4291 848 4339 iuncta
887 4291 1152 4341 adhibuit.
