2917 4992
1137 275 1605 339 -135—

251 457 460 512 saeculi
487 454 614 510 XV
647 455 950 526 suppletu&
1025 449 1304 509 conlatus
1347 448 1513 508 idem
1562 446 1898 526 (Mediccus)
1949 458 2042 509 est
2087 451 2164 509 ab
2209 453 2495 528 Heinsio,

255 559 437 618 quem
464 546 674 597 tamen
720 536 969 615 saepius
1018 533 1457 613 deprehendes
1507 543 1815 594 errantem
1856 534 1923 594 in
1963 534 2275 596 adnotatis
2307 539 2497 597 variis

251 624 368 684 scri
415 624 590 682 turis.

371 644 516 768 PIV
562 705 642 785 (Ρ
669 702 729 781 2)
791 704 1106 763 Parisinus
1151 709 1290 766 7994
1333 701 1479 761 olim
1522 703 1971 778 Mentelianus,
2033 707 2264 764 saeculi
2306 707 2493 766 XIII.

252 793 559 872 epistulae
602 791 734 850 XX
779 788 1214 850 desiderantur
1256 807 1475 848 versus
1522 797 1709 849 1—15
1767 789 1919 848 folio
1964 809 2088 848 uno
2136 787 2257 870 (23)
2305 792 2495 851 inter-

253 885 457 956 cepto.
547 884 692 954 post
755 895 814 933 V.
875 883 940 936 12
1009 873 1309 952 epistulae
1353 872 1539 951 „XXI
1598 872 2005 952 subscriptum
2053 884 2177 934 est:
2246 879 2500 950 Explicit

253 964 478 1020 Ovidius
532 963 898 1034 epistolarum
997 959 1204 1032 Incipit
1251 962 1425 1015 matia
1478 961 1737 1015 eiusdem.
1831 959 2091 1018 contulit
2140 961 2289 1019 mihi
2332 961 2498 1019 hunc

246 1044 474 1105 librum
520 1044 598 1104 ad
643 1045 774 1103 XX
820 1052 881 1102 et
924 1043 1089 1101 XXI
1135 1049 1342 1103 1—12
1387 1062 1522 1101 cum
1566 1042 1704 1101 aliis
1748 1043 2048 1102 Parisinis
2092 1044 2429 1105 Holderus,

417 1131 478 1190 V
511 1121 608 1208 (S)
657 1127 877 1189 Codex
904 1127 1318 1187 bibliothecae
1351 1127 1755 1187 Sessorianae
1788 1127 2149 1206 (monasteri
2181 1131 2239 1188 S.
2274 1127 2493 1205 Croce),

247 1216 356 1294 qui
411 1216 478 1272 in
524 1215 704 1273 catal.
752 1222 848 1272 est
893 1210 1077 1286 CIX,
1136 1210 1249 1271 sed
1310 1212 1422 1271 sub
1470 1233 1531 1271 n.
1582 1210 1699 1272 CX
1756 1221 2136 1287 asservatur,
2193 1214 2492 1274 membra-

244 1318 478 1360 naceus
525 1299 758 1358 formae
803 1298 992 1366 VIII,
1050 1304 1210 1356 teste
1269 1297 1812 1371 Reifferscheidio,
1886 1299 1981 1356 cui
2040 1297 2239 1358 debeo
2286 1301 2493 1358 conla-

245 1385 484 1444 tionem
539 1384 618 1444 ad
675 1383 807 1442 XX
853 1391 916 1442 et
957 1382 1124 1441 XXI
1169 1390 1410 1455 1—12,
1457 1383 1689 1441 saeculi
1732 1383 1912 1444 XIV.
2003 1384 2281 1442 continet
2338 1385 2494 1443 nihil

245 1477 499 1546 praeter
559 1469 853 1548 epistulas
910 1465 1280 1526 Ovidianas.
1367 1475 1513 1546 post
1565 1466 1733 1526 XXI
1777 1476 1844 1529 12
1902 1466 2313 1547 subscriptum
2367 1479 2492 1528 est:

248 1557 503 1626 Explicit
547 1553 770 1610 Ovidius
812 1555 1197 1625 epistolarum.
1284 1553 1404 1609 Deo
1443 1556 1685 1625 qratias.
1774 1553 1968 1610 Amen.
2291 1543 2311 1558 ”

421 1639 516 1697 VI
549 1636 628 1716 (P
657 1634 718 1713 3)
766 1637 1085 1696 Parisinus
1130 1643 1267 1700 7997
1315 1633 1763 1714 (Mazarineus)
1808 1635 2315 1697 membranaceus
2359 1657 2492 1697 sae-

250 1723 372 1780 culi
395 1723 520 1782 XV
544 1721 826 1781 exeuntis
857 1721 959 1780 vel
988 1721 1148 1782 XVI
1178 1721 1343 1780 foliis
1376 1728 1669 1780 constans
1705 1729 1823 1782 195.
1875 1722 2274 1780 continentur
2300 1720 2491 1781 Ovidi

244 1811 604 1878 epistolarum
661 1807 788 1864 libri
841 1807 951 1863 III
1019 1804 1160 1883 (sic)
1235 1824 1475 1864 amores
1532 1803 1661 1864 Ibis
1720 1805 2007 1884 Sapphus
2069 1806 2336 1884 epistola
2391 1826 2490 1864 ars

246 1890 501 1950 amandi
559 1899 620 1950 et
678 1889 973 1951 remedia.
1063 1890 1142 1950 ad
1198 1899 1407 1970 partes
1468 1890 1688 1949 vocavi
1744 1891 1910 1949 hunc
1966 1888 2188 1950 librum
2245 1890 2491 1950 demum

244 1975 328 2033 ab
383 1976 551 2035 XXI
611 1984 700 2049 12,
773 1976 1064 2054 quoniam
1117 1976 1183 2033 in
1241 1974 1765 2054 praecedentibus
1820 1995 1949 2034 non
2006 1984 2255 2053 poterat
2306 1977 2491 2035 ullius

244 2079 390 2118 usus
457 2079 614 2119 esse.
705 2059 935 2119 desinit
990 2061 1057 2118 in
1113 2079 1172 2118 v.
1210 2066 1323 2121 -144
1389 2060 1693 2138 epistulae
1753 2057 2085 2139 Cydippae
2153 2080 2287 2119 cum
2353 2059 2493 2120 sub-

245 2146 615 2223 scriptione:
701 2146 770 2201 P.
821 2146 997 2203 Ovidii
1047 2145 1290 2202 Nasonis
1345 2148 1708 2217 epistolarum
1764 2147 1900 2202 liber
1948 2149 2088 2218 finit.
2178 2146 2231 2204 is
2290 2144 2491 2204 codex

245 2229 350 2288 vix
422 2229 632 2288 dubito
701 2229 850 2308 quin
911 2230 990 2287 sit
1048 2227 1454 2291 Sarravianus
1512 2229 1765 2301 Heinsi,
1842 2247 2209 2308 quamquam
2276 2231 2490 2288 variae

244 2314 546 2373 lectiones
595 2334 672 2373 ex
718 2314 1089 2372 Sarraviano
1148 2313 1225 2371 ab
1281 2315 1389 2373 illo
1449 2314 1675 2372 allatae
1718 2312 2065 2372 identidem
2112 2313 2527 2394 discrepant..

246 2398 358 2457 sed
401 2398 650 2458 videtur
691 2398 791 2457 hic
836 2417 1082 2478 quoque
1126 2398 1437 2457 interdum
1484 2397 1732 2458 diversa
1775 2398 2155 2458 confudisse.
2232 2399 2492 2459 contulit

244 2482 392 2541 mihi
433 2503 651 2542 versus
699 2491 800 2544 144
840 2481 1176 2543 Holderus

413 2568 541 2628 VII
572 2565 652 2644 (r)
688 2566 877 2627 Ovidi
910 2566 1098 2626 editio
1132 2587 1265 2626 cum
1294 2568 1685 2627 Bononiensi
1715 2569 2028 2652 princeps,
2064 2587 2227 2647 quae
2256 2568 2492 2647 prodiit

245 2654 480 2711 Romae
553 2650 750 2730 (apud
812 2655 1153 2727 Smeynheim
1203 2660 1259 2710 et
1314 2650 1654 2729 Pannartz)
1716 2659 1849 2714 1471
1900 2660 1963 2710 et
2009 2658 2163 2714 1472.
2253 2653 2317 2710 in
2372 2653 2491 2712 hac

247 2737 726 2815 superscriptum
767 2745 861 2796 est
903 2737 1207 2816 epistulae
1238 2737 1433 2795 XXI:
1482 2738 1727 2810 Cydippe
1756 2739 1996 2795 Acontio
2025 2740 2297 2795 heredum
2344 2735 2484 2815 (sic)

250 2823 424 2880 Ovidii
463 2825 657 2879 ultima
701 2839 899 2879 recens
944 2829 1192 2897 reperta.
1256 2829 1547 2881 secuntur
1592 2820 1897 2900 epistulae
1933 2829 2032 2883 144
2072 2841 2287 2881 versus
2320 2831 2489 2901 post-

246 2926 366 2986 que
424 2926 530 2966 eos
583 2907 770 2975 Quinta·
813 2907 987 2964 Ovidii
1026 2909 1184 2965 Nux.
1277 2906 1728 2986 discrepantias
1784 2907 1998 2965 notavi
2051 2907 2200 2966 inde
2248 2927 2285 2964 a
2328 2927 2389 2966 v.
2424 2917 2493 2970 13

247 2991 550 3069 epistulae
582 2991 934 3070 Cydippae.
1003 2992 1262 3050 contulit
1304 2991 1383 3050 ad
1415 3011 1630 3050 versus
1666 2999 1765 3052 144
1792 2991 2109 3051 Holderus
2139 2991 2489 3052 rarissimae

247 3075 538 3134 editionis
587 3076 902 3154 exemplar
946 3078 1180 3153 regium
1223 3076 1592 3136 Parisinum.

398 3177 575 3236 ‘VIII
601 3173 693 3254 (v)
723 3175 911 3235 editio
927 3177 1176 3235 Veneta
1203 3177 1352 3234 anni
1376 3184 1511 3246 1486
1535 3177 1609 3234 ab
1638 3175 1915 3235 Holdero
1939 3177 2192 3236 Parisiis
2223 3177 2303 3235 ad
2323 3177 2491 3236 XXI

243 3261 521 3334 conlata,
594 3281 777 3341 quam
836 3261 1058 3319 ceteris
1112 3262 1373 3321 Venetis
1432 3260 1624 3321 Ovidi
1690 3261 1898 3320 ferunt
1959 3279 2095 3319 esse
2150 3262 2486 3320 meliorem.

242 3355 429 3425 atque
467 3344 655 3404 habet
689 3365 763 3403 ea
795 3344 1125 3424 Cydippae
1160 3346 1487 3425 epistulam
1514 3353 1724 3404 totam.
1785 3344 2019 3404 subieci
2062 3341 2265 3404 au'tem
2306 3346 2486 3405 huius

245 3450 491 3510 quoque
535 3428 678 3488 libri
724 3429 1174 3508 discrepantias
1219 3437 1457 3488 tantum
1502 3429 1652 3488 inde
1699 3449 1735 3486 a
1763 3449 1824 3488 v.
1861 3440 1927 3492 13
1964 3431 2269 3509 epistulae
2300 3431 2485 3490 XXI.

409 3531 700 3590 Poteram
759 3551 1004 3610 quoque
1052 3530 1537 3608 Guelferbytani
1596 3531 1700 3611 qui
1756 3533 1971 3590 tertius
2019 3542 2114 3591 est
2156 3533 2221 3590 in
2269 3533 2322 3592 I.
2372 3532 2484 3592 Ch.

159 3669 179 3682 ,
239 3616 426 3674 Iahni
471 3615 746 3674 editione
796 3613 990 3691 (Gud.
1027 3615 1157 3692 297)
1204 3618 1440 3675 variam
1484 3617 1848 3696 scripturam
1892 3615 1971 3675 ad
2016 3616 2183 3675 XXI
2230 3624 2488 3678 13—144

243 3702 388 3759 olim
445 3721 481 3758 a
534 3720 631 3758 me
693 3708 1004 3759 enotatam
1062 3701 1327 3760 adicere.
1416 3699 1530 3760 sed
1586 3702 1745 3760 nihil
1788 3701 1892 3759 ille
1938 3701 2251 3779 peculiare
2296 3698 2485 3758 habet

240 3793 488 3864 praeter
557 3783 870 3844 scribendi
939 3804 1174 3844 errores
1242 3787 1616 3845 innumeros.
1720 3805 1864 3843 nam
1930 3785 2483 3862 neglegentissime

241 3879 527 3929 exaratus
587 3877 700 3928 est.
791 3868 1040 3928 omnino
1086 3871 1138 3928 L
1173 3869 1276 3932 P3
1308 3870 1411 3932 Gr3
1440 3890 1535 3928 rv
1577 3871 1663 3928 ita
1710 3868 2119 3941 concordant,
2178 3877 2245 3927 ut
2290 3889 2482 3948 appa-

237 3962 410 4026 reat,
469 3973 546 4012 ex
593 3953 814 4011 eodem
859 3973 1070 4012 omnes
1126 3963 1222 4013 sat
1265 3955 1522 4032 antiquo
1566 3952 1723 4012 libro
1770 3954 1983 4032 paucis
2033 3951 2481 4029 exemplaribus

238 4036 752 4098 interiacentibus
821 4037 1122 4097 deductos
1184 4057 1350 4111 esse,
1422 4038 1529 4117 qui
1585 4050 1645 4097 et
1704 4058 1836 4096 cum
1892 4038 2139 4115 integer
2197 4045 2363 4097 esset
2422 4046 2483 4097 et

241 4123 502 4182 duorum
544 4122 828 4180 foliorum
872 4124 1106 4181 iactura
1146 4123 1211 4179 in
1257 4123 1379 4180 fine
1426 4123 1673 4181 mutilus
1718 4121 2061 4200 descriptus
2094 4123 2193 4181 sit.
2256 4122 2338 4181 ad
2370 4142 2481 4201 po·

238 4208 464 4268 sterius
511 4208 937 4287 apographum
980 4206 1244 4267 redeunt
1290 4208 1390 4269 Ps
1423 4206 1527 4268 Gr3
1555 4228 1616 4280 r,
1676 4205 1756 4265 ad
1801 4206 1970 4284 prius
2016 4226 2057 4264 v
2103 4215 2165 4266 et
2209 4206 2359 4267 inde
2405 4207 2481 4266 ab
