2917 4992
1103 358 1194 388 ·-
1289 342 1406 405 161
1499 382 1580 388 -

239 505 418 580 φόβος
453 505 756 576 πρόσεστιν
793 509 930 571 ἴσος.
1003 506 1070 562 σύ
1107 506 1213 578 μὲν
1249 505 1359 580 γὰρ
1398 513 1582 578 ζητεῖς
1631 506 1693 565 ἐκ
1729 513 1834 567 τοῦ
1868 506 2195 581 οἷσφαλοῦς,
2246 508 2373 582 ἐμοὶ
2408 511 2473 568 δὲ

237 615 333 648 και
346 596 388 664 ¹)
427 593 492 648 τὸ
529 590 880 664 ἀπωσθῆναι
916 594 1016 647 καὶ
1052 592 1320 648 θανάτου
1356 591 1688 666 βαρύτερον.
1760 599 1859 652 καὶ
1895 595 2101 652 τούτου
2134 591 2250 666 ἤδη
2281 595 2472 667 ἔγωγε,

235 670 412 748 οὗπερ
461 675 634 742 αὐτὸς
681 680 812 742 ἴσως
859 674 1180 750 ἐρασθήσῃ,
1230 675 1353 746 ἐρῶ.
1427 681 1491 734 εἴ
1519 698 1606 734 σοι
1644 683 1786 748 γοῦν
1831 684 1934 736 τοῦ
1981 684 2241 751 δικαίου,
2293 684 2356 736 εἴ
2384 701 2472 736 σοι

235 767 336 818 τοῦ
373 758 561 833 ὄρθοῦ
599 763 837 832 φροντὶς
876 759 1150 833 ἐγεγόνει,
1199 754 1524 832 ’ὑποχωρεῖν
1570 759 1740 828 αὐτὸς
1776 768 1852 834 τῷ
1888 762 2003 836 ἐμῷ
2037 767 2177 834 πυρὶ
2212 761 2469 836 ωφειλες.

237 849 365 904 νυνὶ
403 842 466 903 δ’
504 846 628 904 ἐπεὶ
665 844 695 903 ὁ
731 842 1059 918 οἷμείλικτος
1096 839 1260 910 οῦτος
1295 867 1438 916 υπερ
1478 843 1689 904 ἀδίκου
1722 847 1968 921 μάχεται
2007 855 2203 922 δίκης,
2240 850 2383 919 πρὸς
2419 856 2481 908 τί

236 953 399 1001 ποτε,
447 936 752 1003 Κυδίππη,
802 929 1108 1003 γράμματα
1155 929 1318 1003 ἐμαὶ)
1373 936 1654 1005 καταντᾷ;
1715 924 1881 998 οὗτος
1918 932 2027 1004 γὰρ
2064 933 2140 998 ὥς
2176 955 2252 990 αν
2286 939 2475 998 κακῶς

239 1017 388 1088 ἔχοις
431 1024 596 1074 ποιεῖ
633 1017 731 1073 καὶ
777 1021 848 1088 τῇ
880 1014 1153 1087 Ἀρτέμιδι
1189 1009 1444 1080 ῦποπτος
1480 1021 1629 1088 εἴης,
1676 1021 1909 1086 τοῦτον,
1962 1019 2017 1075 εἰ
2052 1029 2317 1089 φρονεῖς,
2368 1042 2475 1076 κω-

237 1103 434 1168 λῦσαις
469 1098 546 1157 ἄν
580 1121 685 1158 σου
719 1105 824 1158 τοῦ
859 1099 1039 1158 οὐδοῦ
1077 1099 1374 1173 ἐπιβῆναι·
1424 1101 1632 1159 τούτου
1667 1100 1775 1173 γὰρ
1804 1101 2173 1174 ἐνεργοῦντος
2196 1103 2329 1168 τοῦς
2355 1109 2473 1161 δει-

237 1185 374 1253 νοῦς
417 1183 640 1259 ῦπέρχῃ
683 1191 785 1258 τῆς
831 1191 972 1258 ζωῆς
1018 1206 1122 1243 σου
1167 1185 1495 1251 κινδύνους.
1569 1183 1713 1244 om&
1762 1188 1924 1244 πέσοι
1972 1184 2047 1245 ἄν
2090 1194 2177 1253 τίς
2224 1183 2347 1260 013⁸)
2402 1188 2471 1246 τοὶ

237 1276 475 1330 τοιαῦτα
518 1294 708 1329 κινων.
779 1293 849 1327 ον
896 1275 1057 1343 εἴπερ
1105 1269 1366 1329 οἷποόσαιο
1413 1275 1514 1328 καὶ
1553 1271 1889 1344 ἐρασθείης,
1938 1266 2115 1343 οὗπερ
2152 1271 2189 1346 ἡ
2228 1272 2369 1338 θεὸς
2406 1273 2473 1331 οῦ

239 1362 736 1428 καταψηφίζεται,
792 1358 892 1412 καὶ
946 1357 1014 1413 σῦ
1061 1362 1416 1429 παραχρῆμα
1466 1362 1567 1429 τῆς
1616 1362 1897 1429 σωτηριάς
1944 1363 2154 1430 σαυτῆς
2201 1359 2473 1460 ἐπιλήψῃ.

239 1446 446 1514 στῆσον
481 1443 610 1509 οὐν,
647 1441 936 1510 παρθένε,
976 1439 1077 1498 τὸν
1115 1441 1326 1512 φόβον
1367 1447 1667 1512 σταθηρᾶς
1704 1440 1815 1511 γὰρ
1850 1439 2201 1507 απολαύσεις
2236 1447 2337 1515 τῆς
2373 1463 2475 1500 σω-

236 1532 462 1596 τηρίας·
509 1531 665 1583 ποίει
711 1524 890 1596 μόνον
933 1528 1034 1582 τὸν
1079 1533 1384 1597 συνίστορα
1429 1532 1567 1584 τῶν
1590 1525 2002 1604 ὑπεσχημένων
2039 1526 2184 1584 νεών
2218 1532 2471 1600 τιμῆσαι.

239 1607 306 1668 οῦ
341 1633 452 1682 γαρ
489 1613 654 1682 βουσὶ
692 1612 1106 1684 σφαττομένοις
1143 1611 1202 1666 οἷ
1234 1608 1496 1681 οῦρανιοι
1534 1613 1669 1668 θεοὶ
1706 1617 2033 1682 χαίρουσιν,
2080 1609 2226 1668 αλλὰ
2274 1618 2344 1684 τῇ
2377 1635 2474 1685 τη-

239 1696 488 1768 ρουμένῃ
531 1702 718 1753 πίστει
765 1701 862 1754 καὶ
907 1698 1210 1768 μαρτύρων
1255 1701 1442 1768 χωρίς.
1516 1691 1682 1752 ἄλλαι
1720 1696 1827 1768 μὲν
1862 1688 1997 1765 οὖν,
2046 1693 2123 1760 ὥς
2158 1691 2235 1753 ἂν
2271 1696 2474 1770 &joves

238 1783 524 1851 γένοιντο,
573 1783 674 1836 καὶ
711 1785 952 1852 σίδηρον
987 1787 1086 1840 καὶ
1123 1786 1236 1850 πῦρ
1281 1779 1659 1855 ὑπομένουσι,
1710 1780 1877 1852 χυλὸς
1924 1777 1983 1836 δ’
2020 1778 2239 1851 ἑτέραις
2272 1781 2474 1854 πικρὸς

241 1864 578 1934 ἐπόδυνον4)
627 1861 770 1929 ἄκος
817 1866 1005 1936 φέρει·
1055 1869 1143 1922 σοὶ
1193 1863 1251 1922 δ’
1300 1861 1542 1929 οὐδενὸς
1588 1866 1802 1922 τούτων
1852 1869 1961 1922 δεῖ.
2033 1865 2138 1937 τὴν
2175 1865 2475 1938 ἐπιορκίαν

239 1948 494 2021 φύλαξαι
530 1949 738 2021 μόνον,
777 1953 878 2007 καὶ
915 1951 1132 2022 σαυτὴν
1169 1948 1312 2023 ὁμοῦ
1353 1948 1604 2022 φύλαττε
1640 1954 1739 2007 καὶ
1779 1949 1875 2023 ἐμὲ
1912 1943 2012 2008 καὶ
2048 1950 2153 2021 τὴν
2191 1955 2475 2011 δοθεῖσαν

237 2040 432 2092 πίστιν
465 2033 622 2106 ἡμῖν.
697 2033 733 2106 ῆ
774 2031 836 2091 δ’
871 2033 1079 2107 όῖγνοιοὲ
1116 2056 1204 2092 σοι
1239 2041 1337 2094 καὶ
1351 2041 1392 2107 ⁵)
1432 2033 1577 2104 ὑπὲρ
1616 2040 1717 2092 τοῦ
1754 2034 2151 2104 παρελθόντος
2187 2042 2472 2110 πταίσμαγ

235 2142 331 2184 τος
379 2119 546 2177 δώσει
592 2121 952 2192 συγγνώμην,
1001 2117 1089 2177 ὅτι
1135 2141 1236 2177 σου
1282 2125 1380 2191 τῆς
1432 2125 1699 2186 διανοίας
1737 2121 1803 2176 αἴ
1834 2119 2304 2192 οἷναγνωσθεῖσαι
2340 2141 2471 2179 συν·

238 2209 424 2276 θῆκαι
473 2203 755 2273 ἐξέπεσον.
829 2211 936 2262 νῦν
983 2207 1047 2263 δέ
1085 2226 1146 2262 σε
1192 2205 1409 2262 τούτων
1455 2202 1788 2276 οἷνέμνησαν
1824 2208 1893 2260 οῖ’
1917 2226 1977 2261 τε
2017 2203 2141 2278 ἐμοὶ
2179 2204 2337 2276 λόγοι
2372 2212 2471 2265 καὶ

239 2288 461 2362 νόσημα
497 2288 559 2345 τὸ
596 2288 812 2359 παρόν,
853 2286 996 2358 ὅπερ
1033 2289 1236 2361 φέρειν
1273 2293 1518 2359 εἴωθας,
1569 2286 1765 2353 ὁσάκις
1800 2283 1877 2344 ἂν
1912 2285 2085 2364 πειρᾷ
2120 2289 2472 2360 ψεύδεσθαι.

239 2379 335 2431 καὶ
371 2377 488 2447 μὴν
523 2379 622 2432 καὶ
657 2379 824 2432 τοῦτο
863 2375 1239 2446 φυλαξαμένη
1277 2375 1503 2439 πάντως
1542 2371 1605 2432 έν
1627 2379 1836 2446 τοκετῷ
1860 2374 2153 2447 δεηθήσῃ,
2191 2373 2294 2441 τοὶς
2322 2396 2473 2447 φωσ-

241 2459 456 2532 φόρους
493 2481 582 2517 σοι
617 2459 724 2532 τὴν
761 2462 906 2517 θεὸν
932 2469 1126 2532 χεῖρας
1151 2460 1607 2532 προσενοῖγεινθ).
1644 2484 1678 2532 η
1720 2459 1785 2517 δὲ
1822 2456 2129 2516 ἀκούσεται
2166 2463 2265 2517 καὶ
2298 2469 2471 2518 πολυ-

239 2545 627 2616 πραγμονήσει
673 2545 761 2601 ’τοὶ4
791 2542 1160 2603 ἄκουσθέντα
1195 2547 1295 2602 καὶ
1334 2544 1609 2614 ἐξετάσει,
1660 2542 1721 2600 ἐκ
1757 2549 1915 2608 τίνος
1949 2542 2169 2614 ἀνδρὸς
2204 2539 2279 2601 οἲν
2314 2545 2345 2600 ὁ
2383 2567 2471 2602 το-

241 2630 400 2693 κετὸς
447 2633 540 2700 εἴη
587 2623 768 2694 οὗτος.
839 2627 972 2687 ἄλλ’
1007 2627 1380 2702 ῦποσχεθήσῃ
1423 2627 1553 2687 τινα
1603 2625 1806 2700 εῦχήν,
1854 2625 1978 2685 ἀλλ’
2019 2626 2325 2685 ἐπίστασαί
2356 2634 2469 2698 σε7)

239 2719 431 2786 ’ψευδῆ
481 2712 962 2788 ῦπισχνουμένην.
1035 2713 1166 2773 ἀλλ’
1213 2713 1470 2786 ὄμόσεις,
1514 2710 1641 2770 ἄλλ’
1681 2711 1809 2769 οἶδε’
1844 2733 1907 2768 σε
1954 2713 2285 2785 δυναμένην
2329 2711 2471 2784 ψεῦ-

239 2803 453 2854 δεσθαι
489 2797 623 2862 τοῦς
658 2800 852 2865 θεούς.
923 2794 1137 2857 οῦκουν
1176 2801 1489 2870 ἐνεργεῖται
1527 2796 1597 2853 τοὶ
1635 2801 1767 2866 περὶ
1807 2796 1973 2870 ἐμοῦ·
2022 2795 2169 2867 ὑπὲρ
2214 2803 2473 2869 μείζονος

237 2888 705 2955 ταλαιπωροῦμαι
769 2890 1094 2956 φροντίδος.
1175 2881 1349 2955 οἷλγεῖ
1385 2905 1485 2955 μοι
1532 2882 1640 2953 γὰρ
1685 2880 1722 2953 ἡ
1772 2887 1986 2951 καρδία
2032 2887 2133 2954 τῆς
2178 2888 2283 2953 σῆς
2329 2888 2473 2954 ζωῆς

245 2969 456 3029 ἕνεκεν.
529 2973 591 3024 τί
633 2969 698 3027 δὲ
746 2975 854 3026 νῦν
890 2991 949 3027 σε
998 2968 1060 3026 ἐν
1096 2968 1336 3042 ἀδήλοις
1371 2973 1661 3038 περιδεεῖς
1697 2966 1758 3024 οἷ
1790 2975 1979 3037 γονεῖς
2018 2967 2326 3034 ἔκλαυσαν,
2375 2962 2473 3034 οῦς

238 3053 497 3126 οέγνοὲῖτας
523 3061 626 3111 τοῦ
649 3059 752 3112 σοῦ
776 3060 1126 3126 πταίσματος
1153 3053 1305 3110 εἶναι
1330 3061 1543 3118 ποιεῐς;
1582 3055 1681 3109 καὶ
1708 3056 1807 3108 ἵνα
1832 3056 1891 3108 τί
1911 3051 2249 3124 ἁγνοοῦσιν;
2290 3055 2471 3120 ἔξεστι

239 3139 860 3210 πάνταδιηγήσασθαι
906 3145 976 3212 τῇ
1011 3145 1210 3211 μητρί·
1273 3135 1402 3195 οὐδ’
1443 3136 1642 3195 ὁτιοῦν
1678 3140 1787 3208 γάρ
1826 3137 2127 3208 αἰσχύνης,
2175 3142 2471 3209 Κυδίππη,

238 3225 301 3282 τὸ
338 3225 440 3282 σὸν
479 3224 646 3294 ἔργον
682 3224 835 3296 έ’χει.·
866 3229 1114 3283 σπεῦσον
1149 3225 1654 3296 καθηρμωσμένως
1691 3219 2049 3293 οἷναγγεῖλαι,
2090 3217 2239 3286 ὅπως
2275 3244 2371 3294 μοι
2407 3222 2470 3278 τό

238 3315 462 3379 πρῶτον
499 3307 823 3382 ἐγνώσθης,
861 3307 1036 3382 ἡνίκα
1072 3307 1173 3372 τοὶς
1207 3314 1308 3380 τῆς
1332 3307 1651 3379 τοξοφόρον
1677 3311 1825 3373 θεοῖς
1851 3305 2056 3370 ἐτέλεις
2083 3306 2227 3376 ἰεροὶ,
2267 3302 2469 3378 ἅπερθ)

241 3393 516 3466 ἐξαπίνης
553 3390 722 3458 αὐτὸς
760 3394 902 3450 ἰδών
939 3414 1028 3466 σε,
1077 3395 1131 3450 εἰ
1165 3391 1320 3449 τοῦτ’
1363 3397 1495 3458 ἴσως
1544 3389 1851 3464 έστοχοέσω,
1904 3391 2071 3462 ἔστην
2117 3388 2339 3463 οἷχανὴς
2378 3391 2473 3448 ἐπὶ

239 3484 315 3550 τῷ
351 3484 431 3548 σῷ
465 3479 659 3536 κάλλει
696 3480 1001 3550 γενόμενος
1035 3483 1142 3536 καί
1161 3499 1272 3550 μου
1296 3477 1523 3548 σφόδρα
1549 3497 1609 3533 σε
1637 3478 2059 3550 θαυμάζοντος,
2101 3476 2281 3548 σαφὲς
2304 3481 2471 3534 τοῦτο

241 3569 452 3635 μανίας
497 3561 806 3635 σύμβολον,
855 3563 1110 3620 πέπτωκε
1159 3567 1541 3636 διολισθῆσαν
1586 3567 1699 3620 τῶν
1744 3557 1912 3634 ὤμων
1948 3584 2060 3633 μου
2107 3563 2171 3618 τὸ
2210 3561 2468 3633 ἴμοὶτιον·

240 3649 300 3706 τὸ
351 3645 412 3706 δ’
451 3647 728 3706 ἐντεῦθεν
775 3645 879 3705 οῦκ
929 3645 1050 3704 οἶδ’
1087 3646 1310 3706 ὁπόθεν
1353 3644 1721 3720 ῦπόσφαιρον
1769 3653 1951 3719 μῆλον
1997 3645 2345 3717 ἐληλυθέναι
2383 3666 2470 3702 σο-

246 3743 378 3806 φοῖς
417 3733 706 3807 γράμμασι
733 3733 958 3810 (ξήματα
986 3733 1168 3815 φέρον
1193 3733 1505 3818 ἐπίβουλα.
1552 3755 1692 3802 οπερ
1733 3731 1933 3804 ἐπειδὴ
1972 3737 2073 3803 τῆς
2110 3730 2271 3800 ἱεροῖς
2304 3726 2470 3800 Αρτέ-

241 3824 406 3891 μιδος
440 3817 734 3890 παρούσης
769 3815 1046 3888 οἷνέγνως,
1083 3818 1420 3890 ἡττηθῆναί
1452 3838 1555 3875 σου
1591 3817 1697 3889 τὴν
1720 3823 1913 3874 πίστιν
1938 3813 2050 3873 ῦπό
2076 3817 2374 3888 μα’ρτυριθ)
2402 3819 2469 3886 τῇ

242 3909 379 3975 θεῷ.
451 3925 525 3968 ως
571 3926 646 3959 αν
691 3903 756 3959 δε
791 3899 932 3974 μηδ’
969 3901 1357 3975 αγνοοίηνίθ),
1417 3907 1505 3966 τίς
1548 3900 1681 3958 ποτ’
1728 3896 1803 3958 ὅὶν
1848 3899 1878 3958 ὁ
1927 3905 2062 3966 νοῦς
2110 3904 2200 3972 εἴη
2235 3903 2345 3958 τῶν
2381 3921 2471 3971 γε·

377 4079 416 4142 1)
465 4079 570 4130 καί
601 4079 910 4129 delendum.
1059 4077 1104 4144 ²)
1153 4094 1256 4128 scr.
1295 4069 1365 4126 τὰ
1404 4068 1471 4144 ἐμ
1475 4069 1529 4127 α’.
1680 4075 1721 4141 ³)
1770 4093 1876 4127 sor.
1914 4070 2076 4127 πέσοι
2112 4067 2243 4126 οἷντὶ
2279 4072 2384 4126 σοῦ
2419 4063 2469 4126 ὁ.

239 4147 291 4248 ὲ)
416 4141 856 4267 ἐπίεζε..
907 4145 1430 4300 ”25531125551112-
1437 4213 1480 4276 ε,
1508 4145 1614 4266 ..ἲ
1640 4142 2469 4272 2350552332521311112311313:

243 4220 722 4349 1ἔθειξιιιιτ.ἴτεγνοοίη
759 4229 1316 4346 vel0221110013'2511.G
1759 4230 1799 4279 μ
1844 4230 1875 4277 Q
1950 4230 1981 4278 ρ
2164 4227 2197 4277 p

344 4383 906 4433 D1LTnEr‚cAL1,m.
1985 4363 2081 4426 11¹

2511 773 2609 822 170

2512 1111 2610 1160 175

2512 1533 2610 1582 180

2513 1873 2611 1922 185

2512 2299 2608 2347 190

2510 2635 2609 2683 195
2694 2653 2701 2655 ·

2510 2975 2609 3023 200

2509 3313 2609 3362 205

2508 3737 2606 3786 210
