2917 4992
1407 328 1876 394 -44—.

502 493 666 584 ἱερὸν
706 493 751 579 ἦ
789 489 1292 582 ἅγαλμα”Ερωτος
1337 493 1484 576 εἶδε,
1530 497 1839 578 κατεγέλα,
1880 488 2179 575 ἆπέφαινέ
2217 519 2278 558 τε
2322 487 2532 556 ἑαυτὸν
2545 488 2765 577 ’Ἐρω-

475 626 600 676 ·τος
629 592 850 676 παντὸς
879 602 1190 662 καλλίονα·
1224 599 1323 662 καὶ
1357 595 1510 680 εἶχεν
1541 596 1757 674 οὕτως·
1790 593 1940 661 όπου
1968 624 2083 682 γαρ
2093 587 2466 680 Ἀβροκόμης
2488 589 2767 676 ὀφθείη,

503 697 637 766 ου’τε
695 697 927 784 αγαλμα
984 694 1168 764 καλὸν
1223 699 1495 778 ἐφαίνετο
1552 723 1686 762 ουτε
1740 693 1915 764 εἰκῶν
1970 699 2258 785 ἐπῃνεῖτο.
2346 700 2543 779 μηνίει
2590 691 2767 778 πρὸς

501 807 686 868 ταῦτα
741 796 774 865 ὁ
811 797 1005 884 ”Equos
1060 827 1113 866 e.
1162 827 1221 886 q.
1268 826 1318 868 S.
1405 807 1629 865 similia
1687 805 1915 866 Achill.
1960 807 2100 866 Tat.
2147 806 2311 866 VIII
2364 813 2427 866 12
2474 804 2579 884 (cf.
2630 807 2673 863 Ι
2726 815 2763 866 5

506 919 567 970 et
609 912 677 970 II
725 907 800 988 1),
859 908 1236 968 Heliodorus
1282 908 1384 967 III
1418 913 1515 981 ·‚17
1578 915 1639 966 et
1685 906 1764 966 de
1808 907 2107 966 Atalanta
2150 906 2478 966 Milanioni
2534 915 2765 966 amata

506 1014 794 1072 Musaeus
842 1009 920 1068 de
965 1010 1114 1068 Her.
1162 1019 1266 1072 153
1308 1029 1446 1089 sqq.

673 1113 851 1192 Quae
897 1131 1030 1171 cum
1075 1111 1161 1169 ita
1216 1111 1368 1184 sint,
1427 1107 1828 1188 probabiliter
1871 1109 1990 1168 huc
2044 1109 2277 1169 referre
2325 1109 2475 1168 mihi
2518 1109 2765 1170 videor

506 1217 623 1293 frg.
673 1215 1050 1293 adespoton‚
1115 1211 1282 1292 quod
1349 1213 1741 1270 conservavit
1784 1213 2003 1272 Ioann.
2050 1209 2231 1270 Alex.
2280 1231 2341 1289 p.
2389 1219 2476 1285 27,
2524 1220 2626 1270 22:

671 1314 727 1374 εἰ
763 1312 960 1391 μέντοι
1008 1306 1072 1370 ἕν
1114 1307 1264 1370 τέλει
1309 1309 1511 1387 στίχου
1556 1309 1651 1385 εἴη
1698 1300 1769 1390 (ἦ
1814 1303 2133 1391 πρόθεσις)
2178 1297 2220 1386 ἢ
2261 1297 2465 1381 ἅπλῶς
2497 1307 2560 1368 ε’ν
2592 1297 2763 1370 τέλει

503 1404 820 1492 ὀνόματος,
879 1401 1020 1490 μεθ’
1069 1403 1147 1488 ἣν
1201 1410 1432 1471 τίθεται
1502 1410 1742 1490 στιγμή,
1798 1401 2220 1490 ἀναστρέφεται
2279 1405 2563 1486 πάντως,
2609 1405 2765 1472 οἷόν

505 1513 647 1591 ε’στι,
693 1515 836 1574 τῶν
883 1507 1181 1573 πάντων
1227 1501 1282 1570 δ’
1333 1510 1602 1572 ἕπτυσε
1646 1503 1832 1572 πολύ
1877 1506 2092 1572 κάτα·
2138 1501 2581 1590 ἀναστρέφομεν
2629 1501 2761 1590 γάρ

503 1609 613 1694 τὴν
669 1610 992 1695 πρόθεσιν,
1053 1615 1160 1674 τοῦ
1215 1612 1345 1690 ἑξῆς
1401 1605 1572 1685 ὄντος
1629 1607 1761 1672 κατ’
1830 1611 2059 1674 ἕπτυσε.
2134 1616 2324 1675 schol.
2370 1616 2447 1675 Il.
2504 1616 2563 1672 E
2606 1625 2762 1679 283:

507 1717 716 1779 ἕπτυσε
759 1708 913 1777 πολὺ
959 1709 1130 1776 κάτα.
1199 1717 1543 1795 eademque
1587 1715 1777 1775 habet
1820 1717 2116 1795 Apollon.
2167 1716 2247 1776 de
2291 1724 2459 1797 synt.
2504 1737 2568 1795 p.
2618 1726 2760 1789 305,

509 1831 595 1882 12.
643 1823 950 1899 corrigas:

442 1937 478 1976 v
769 1898 772 1903 ’
1012 1902 1136 1961 τῶν
1179 1894 1419 1960 πάντων
1468 1889 1520 1957 δ’
1574 1897 1783 1958 ἕπτυσε
1826 1890 2019 1960 πουλῦ
2063 1892 2229 1960 κᾶτα.

507 2061 578 2100 ac
633 2040 819 2099 video
878 2040 995 2099 hoc
1050 2040 1166 2116 frg.
1228 2037 1603 2098 Callimacho
1660 2037 1982 2097 vindicare
2042 2046 2103 2096 et
2156 2037 2490 2116 Bergkium
2545 2047 2761 2117 poett.

504 2143 620 2222 lyr.
667 2163 731 2220 p.
784 2148 913 2204 1075
975 2149 1037 2200 et
1079 2140 1418 2200 Rauchium
1480 2139 1540 2199 (1.
1588 2140 1737 2199 aitia
1779 2158 1843 2217 p.
1890 2147 1959 2200 54
2003 2159 2063 2198 n.
2154 2139 2322 2218 quod
2380 2141 2529 2218 quin
2574 2149 2763 2199 recte

505 2245 586 2304 sit
631 2244 856 2302 factum
903 2263 974 2302 eo
1022 2243 1220 2300 minus
1268 2239 1511 2313 dubim,
1571 2261 1690 2320 quo
1736 2241 1828 2299 illi
1874 2241 2130 2300 similius
2180 2239 2451 2299 decurrit
2497 2240 2759 2300 Gallim.

507 2346 624 2422 frg.
677 2355 806 2406 1502
1145 2417 1162 2438 .
1731 2415 1744 2438 .
1974 2405 1998 2435 ς

539 2455 551 2464 ,
975 2427 1223 2484 πολλακι
1269 2421 1369 2482 καὶ
1415 2424 1671 2482 κανθῶν
1714 2417 1905 2500 η’λασα
1952 2443 2113 2501 ωρον
2157 2415 2295 2484 α’πο.

679 2561 948 2622 Cunctos
993 2562 1176 2639 igitur
1219 2562 1359 2620 illos
1405 2570 1739 2635 amatores,
1786 2562 1888 2620 vel
1935 2561 2158 2640 cupide
2204 2568 2511 2620 sectantes
2557 2563 2625 2619 in
2662 2559 2762 2622 lu-

509 2665 651 2723 dum
697 2663 1108 2742 balneumque
1152 2661 1515 2734 vadentem,
1561 2663 1665 2720 vel
1709 2661 1952 2721 cottabo
1998 2663 2261 2722 sollicite
2294 2672 2757 2736 concertanteS,

509 2765 611 2824 vel
657 2765 937 2842 vestigiis
983 2764 1107 2822 suis
1153 2763 1422 2842 ipsorum
1467 2763 1661 2840 pedes
1711 2763 2031 2823 delicatius
2077 2764 2435 2842 infigenteS,
2495 2773 2758 2824 cunctos

507 2867 644 2924 illos
689 2865 1093 2924 vehementer
1137 2866 1372 2942 sprevit
1415 2866 1734 2924 AcontiuS.

677 2965 853 3023 Haec
909 2985 1019 3042 pro
1079 2965 1260 3023 certis
1331 2965 1621 3026 videntur
1678 2966 1831 3025 sumi
1888 2985 2091 3045 posse.
2156 2985 2258 3046 ‘ea
2314 2974 2521 3025 autem
2574 2967 2761 3027 iuvat

509 3067 718 3145 aliqua
765 3085 1068 3124 exornare
1127 3066 1478 3126 coniectura
1521 3077 1588 3126 ut
1631 3068 1831 3126 minus
1881 3067 2201 3145 explorata
2243 3068 2331 3125 ita
2375 3066 2541 3126 haud
2588 3088 2759 3127 sane

505 3167 942 3246 improbabili.

679 3268 1040 3332 Callimachi
1082 3269 1199 3348 frg.
1247 3277 1350 3331 239
1397 3267 1501 3347 (cf.
1548 3268 1736 3328 schol.
1785 3267 1866 3326 ad
1910 3269 2072 3328 Plat.
2120 3289 2181 3347 p.
2228 3278 2332 3331 206
2362 3267 2431 3347 d)

806 3363 1012 3447 ζορκός
1055 3390 1179 3442 τοι,
1225 3369 1360 3443 φίλε
1405 3370 1617 3446 κοῦρε,
1664 3368 2030 3447 Λιβυστίδος
2072 3359 2291 3428 αὐτίκα
2338 3363 2509 3428 δώσω

914 3468 1086 3528 πέντε
1129 3463 1526 3546 νεοσμήκτους
1568 3460 1815 3546 ἕστριας
1837 3468 1894 3550 ¹)

420 3418 482 3458 VI

510 3589 643 3646 veri
690 3587 1021 3647 admodum
1064 3588 1260 3647 simile
1309 3598 1402 3648 est
1443 3589 1639 3649 verba
1684 3581 2001 3650 continere
2048 3611 2088 3650 a
2132 3593 2381 3651 Venere
2427 3590 2505 3648 ad
2560 3590 2754 3650 Amo-

509 3711 638 3749 rem
701 3689 881 3748 dicta.
984 3675 1346 3766 ἆστραγοὲλαι
1401 3680 1460 3746 δ’
1506 3681 1766 3766 ’Ἑρωτός
1832 3689 1983 3749 εἰσιν
2046 3690 2254 3767 μανίαι
2320 3693 2408 3751 ait
2459 3693 2755 3751 Anacreo

511 3792 626 3865 frg.
660 3799 724 3855 47
771 3789 914 3870 (44).
961 3810 1032 3850 ac
1075 3792 1222 3850 satis
1271 3793 1452 3850 etiam
1499 3801 1681 3852 notus
1729 3802 1822 3852 est
1868 3802 1930 3852 et
1971 3793 2267 3872 Apolloni
2311 3793 2377 3850 in
2422 3792 2755 3870 Argonau-

510 3893 646 3951 ticis
691 3893 962 3951 narratio
1012 3892 1090 3951 de
1135 3891 1362 3952 Amore
1409 3913 1542 3952 cum
1588 3893 1976 3973 Ganymede·
2014 3895 2155 3954 talis
2215 3893 2472 3953 ludente
2521 3902 2583 3952 et
2628 3905 2755 3954 sta-

510 4002 615 4052 tua
643 3993 887 4054 Amoris
934 3983 1458 4073 ἆστραγαλίζοντος
1505 4015 1542 4052 a
1571 3997 1937 4055 Levezowio
1984 3997 2051 4054 in
2084 3995 2388 4079 Bottigeri
2418 3994 2759 4054 Amalthea

650 4191 690 4254 ¹)
729 4195 958 4244 Lucian.
1001 4212 1166 4248 amor.
1196 4199 1256 4246 16
1281 4182 1556 4260 τέσσαρας
1590 4185 1984 4261 οἷστραγοῖλους
2008 4194 2261 4261 Λυβικῆς
2298 4187 2523 4260 δορκός.
2552 4222 2619 4232 —-—
2646 4198 2751 4246 im·

513 4275 828 4339 probabilia
865 4279 1208 4343 excogitavit
1241 4279 1523 4331 Rauchius
1560 4281 1611 4334 d.
1650 4281 1790 4330 aitis.
1822 4297 1875 4346 p.
1910 4282 1994 4332 51.
