2917 4992
1087 345 1553 414 -131—-

211 511 270 581 τὸ
301 521 518 598 μῆλον,
557 511 662 578 τὸν
687 511 902 597 ὅρκον,
939 516 1040 584 καὶ
1085 521 1189 597 τῆς
1226 509 1561 598 Ἀρτέμιδος
1594 513 1697 580 τὸν
1742 512 1977 597 θυμόν,
2021 516 2123 580 καὶ
2163 523 2450 599 παραινεῖ

211 623 428 680 θᾶττον
450 614 703 702 εὔορκον
723 608 1034 698 ἆποφῆναι
1056 611 1168 699 τὴν
1189 613 1392 700 κόρην.
1430 613 1641 695 (ἄλλως
1669 625 1769 698 τε),
1798 620 1964 699 φησί,
1984 619 2107 680 (καὶ
2121 621 2442 699 Κυδίππην

207 713 480 807 Ἀκοντίῳ
522 712 842 782 συνάπτων
877 711 950 781 οὗ
985 713 1378 808 „6201360143211
1407 723 1807 801 συνεπιμίξαις
1834 715 2097 806 ἀργύρῳ,
2134 715 2263 782 ἀλλ’
2304 721 2439 784 ἕκα-

211 820 464 903 τέρωθεν
489 813 522 882 ὃ
553 815 741 903 γάμος
765 821 926 884 ἔσται
951 826 1241 902 χρυσοῦςᾶ
1288 826 1473 884 ταῦτα
1504 821 1614 902 μὲν
1638 823 1881 904 ἔχρησεν
1905 816 1938 886 ὁ
1972 828 2243 906 μαντῷος
2271 818 2438 898 θεός·

211 916 240 982 ὃ
280 921 342 983 δὲ
379 918 559 1006 ὅρκος
601 918 726 1003 ὃὶμα
764 927 847 1005 τῷ
889 927 1131 1008 χρησμῷ
1174 928 1611 1006 συνεπληροῦτο
1652 931 1775 998 τοῖς
1817 920 2047 1006 γάμοις.
2112 927 2184 986 αἱ
2226 923 2291 988 δὲ
2340 930 2444 1006 τῆς
2506 941 2539 992 5

209 1017 414 1097 παιδὸς
460 1018 826 1105 ἡλικιῶτιδες
864 1018 1105 1106 ἐνεργὸν
1145 1019 1430 1104 ’ὑμέναιον
1482 1013 1631 1110 ᾖδον
1673 1020 1785 1087 οὐκ
1832 1021 2314 1108 ἀναβαλλόμενον
2362 1027 2446 1091 ἔτι

211 1116 342 1187 οὐδὲ
375 1125 841 1208 διακοπτόμενον
875 1121 1047 1211 νόσῳ.
1098 1125 1198 1187 καὶ
1231 1119 1270 1206 ἡ
1307 1123 1667 1202 διδάσκαλος
1695 1120 1983 1209 ὖπέβλεπε
2020 1123 2130 1207 τὴν
2165 1121 2439 1212 ἀπᾴδου-

209 1247 315 1288 σαν
360 1227 462 1289 καὶ
511 1230 592 1302 εἰς
637 1223 702 1290 τὸ
752 1227 922 1308 μέλος
971 1229 1191 1302 ἱκανῶς
1233 1227 1528 1311 ἐνεβίβαζε
1572 1234 1992 1311 χειρονομοῦσα
2039 1223 2143 1292 τὸν
2190 1223 2439 1311 τρόπον·

208 1351 390 1409 ετερος
421 1328 486 1391 δὲ
514 1336 635 1404 τοῖς
658 1325 918 1415 ἅσμασιν
948 1325 1262 1410 ἐπεκρότει,
1293 1325 1456 1392 καὶ’
1417 1355 1456 1410 η
1488 1324 1647 1406 δεξια
1677 1337 1798 1405 τοῖς
1822 1324 2135 1404 δακτύλοις
2154 1325 2440 1394 ὑπεσταλ-

207 1430 398 1508 μένοις
436 1424 833 1511 υποκειμένην
874 1455 983 1510 την
1021 1422 1334 1512 ἀριστερὰν
1371 1431 1647 1549 ἔπληττεν
1680 1434 1761 1506 εἰς
1792 1426 1857 1497 τὸ
1899 1437 2135 1512 κοῖλον,
2178 1429 2255 1494 ἵν’
2296 1420 2444 1495 ῶσιν
2478 1447 2543 1498 10
2596 1513 2608 1524 ·

208 1533 273 1592 αἱ
294 1538 476 1615 χεῖρες
505 1555 766 1626 ενφωνοι
797 1529 1302 1613 συμπληττόμεναι
1327 1529 1547 1616 τρόπον
1574 1531 1916 1615 κυμβάλων.
1978 1529 2223 1596 ἅπαντα
2243 1529 2301 1596 δ’
2332 1523 2445 1598 οὖν

204 1627 358 1712 όμως
399 1629 722 1718 βραδυνειν
760 1632 952 1697 ἐδόκει
985 1638 1068 1717 τῷ
1101 1632 1419 1722 Ἀκοντίῳ,
1469 1635 1569 1697 καὶ
1616 1631 1749 1697 οὔτε
1782 1630 2011 1717 ημέραν
2052 1635 2275 1716 ἐκείνης
2312 1633 2442 1701 ἐνό-

108 1804 116 1813 .
205 1753 336 1814 μισε
373 1736 743 1819 μακροτέραν
775 1735 1096 1816 ἑωρακέναι
1129 1732 1261 1799 οὔτε
1289 1732 1475 1799 νύκτα
1502 1737 1872 1818 βραχυτέραν
1906 1741 2008 1816 τῆς
2041 1730 2251 1812 νυκτὸς
2295 1737 2442 1800 ἐκεί-

209 1861 328 1916 νης.
383 1829 682 1911 Ἀκόντιος
717 1831 825 1899 οὐκ
867 1830 945 1899 ἂν
983 1831 1274 1917 ἠλλάξατο
1304 1829 1410 1902 τὸν
1443 1841 1656 1901 Μίδου
1696 1833 1915 1921 χρυσὸν
1962 1832 2099 1900 οὐδὲ
2146 1833 2252 1901 τᾶν
2286 1845 2441 1900 Ταν-

206 1937 390 2001 τᾶλου
441 1944 700 2001 πλοῦτον
741 1937 1101 2020 ἰσοστάσιον,
1129 1931 1326 2022 ἡγεῖτο
1379 1945 1453 2024 τῇ
1502 1937 1669 2026 κόρῃ.
1732 1941 1834 2003 καὶ
1875 1933 2193 2020 σύμψηφοι
2233 1935 2446 2016 πάντες
2481 1957 2543 2010 15

204 2039 363 2120 ἐμοί,
409 2035 538 2102 ‘o'o'ot
581 2036 666 2121 μὴ
705 2037 988 2117 καθάπαξ
1024 2045 1142 2116 τῶν
1175 2041 1470 2123 ἐρωτικῶν
1500 2035 1781 2122 ἀμαθεῖς·
1822 2034 1927 2106 τὸν
1966 2033 2079 2123 γὰρ
2119 2037 2445 2120 ἀνέραστον

161 2179 168 2185 -
205 2137 318 2203 οὐκ
357 2134 597 2216 ἆπεικὸς
640 2137 949 2220 ἆντίδοξον
982 2137 1151 2204 εἶναι.
1215 2135 1246 2207 ὁ
1293 2135 1349 2204 δ’
1388 2134 1497 2204 οὖν
1539 2148 1611 2226 τῇ
1650 2145 1936 2227 παρθένῳ
1975 2144 2195 2227 βραχέα
2230 2168 2442 2206 νυκτο·

201 2237 465 2324 μαχήσας
494 2243 782 2324 ἐρωτικῶς
803 2243 870 2306 τό
898 2269 961 2326 γε
984 2240 1194 2308 λοιπὸν
1225 2246 1538 2326 εἰρηναίων
1564 2238 1856 2306 ἀπέλαυεν
1878 2235 2129 2325 ἡδονῶν.
2194 2243 2442 2308 έκοὶοντο

206 2344 266 2406 δὲ
292 2338 446 2406 κατὰ
470 2339 711 2426 δώματα
738 2347 936 2420 δαΐδες
965 2347 1034 2408 ἐκ
1063 2348 1396 2428 λιβανωτοῦ
1435 2349 1831 2428 συγκείμεναι,
1862 2341 2007 2408 ὥστε
2035 2341 2157 2426 ἅμα
2188 2342 2446 2409 κάεσθαι

205 2445 308 2508 καὶ
345 2452 693 2526 θυμιᾶσθαι
737 2447 837 2509 καὶ
878 2449 1153 2529 παρέχειν
1194 2443 1258 2510 τὸ
1292 2453 1419 2526 φῶς
1447 2445 1574 2529 μετ’
1615 2441 1881 2522 εὐωδίας.
1932 2443 2120 2510 πάλαι
2149 2450 2352 2511 τοίνυν
2384 2449 2452 2510 αἱ
2475 2465 2545 2518 20

203 2548 504 2631 παρθένοι
524 2551 1082 2630 συναριθμουμένης
1097 2543 1302 2624 αὐταῖς
1323 2555 1424 2630 τῆς
1440 2552 1753 2630 Κυδίππης
1775 2550 2190 2613 ἐπλεονέκτουν
2211 2547 2447 2631 σφόδρα

204 2655 326 2712 τῶν
363 2655 690 2730 γυναικῶν,
721 2647 824 2714 τὸν
859 2654 1176 2729 κολοφῶνα
1218 2650 1508 2731 φέρουσαι
1536 2655 1638 2730 τῆς
1667 2646 2037 2731 εὐπρεπείας·
2078 2650 2214 2711 νυνὶ
2245 2649 2309 2711 δὲ
2341 2655 2445 2730 τῆς

344 2941 395 2974 v.
433 2926 464 2974 2
512 2919 655 2989 φησὶ
687 2921 1006 2987 Κυδίππην
1051 2924 1249 2986 codex,
1299 2922 1406 2974 καί
1435 2923 1671 2974 inseruit
1704 2923 2037 2973 Hercherus.
2086 2949 2153 2959 —-
2196 2938 2249 2975 ν.
2274 2926 2307 2973 3
2341 2918 2444 2988 μό-

207 3006 410 3074 λιβδον
459 3005 660 3070 codex,
717 3003 1008 3073 μόλυβδον
1054 3008 1236 3074 vulgo.
1287 3035 1352 3042 —
1406 3025 1458 3059 v.
1507 3010 1538 3058 6
1583 2999 1929 3073 ἠλικιότιδες
1974 3008 2165 3058 codex.
2210 3035 2279 3044 —
2322 3024 2374 3059 v.
2414 3010 2445 3059 ’1

207 3084 486 3159 ἐπέβλεπε
532 3092 731 3156 codex,
779 3083 1063 3157 ὖπέβλεπε
1111 3108 1140 3142 e
1184 3092 1520 3143 Philostrato
1556 3093 1861 3143 Dorvillius
1899 3091 2110 3142 Charit.
2146 3109 2200 3157 p.
2238 3093 2336 3143 509
2374 3092 2445 3142 ad

209 3179 336 3240 130,
387 3179 450 3227 19
498 3177 584 3226 ed.
629 3177 821 3227 Reisk.
905 3167 1238 3228 έποῖδονσαν
1283 3176 1408 3241 (sic)
1458 3178 1658 3239 codex,
1718 3167 2058 3241 ἅπᾴδουσαν
2104 3192 2133 3225 e
2179 3171 2441 3226 Philostr.

207 3264 415 3328 imagg.
453 3263 753 3312 Mercerus.
803 3277 853 3313 v.
893 3277 1034 3326 quae
1071 3262 1350 3328 disputavi
1375 3279 1437 3328 p.
1464 3263 1529 3312 95
1554 3277 1633 3326 sq.
1672 3287 1733 3296 —
1771 3276 1823 3313 v.
1862 3263 1893 3310 8
1930 3255 2029 3310 τὸν
2064 3252 2276 3323 τρόπον
2302 3261 2445 3310 Her-

209 3347 377 3396 chero
413 3350 747 3411 suspectum.
797 3373 858 3382 —
907 3363 956 3396 v.
996 3349 1060 3396 10
1108 3341 1192 3406 εἰς
1226 3343 1327 3396 τὸν
1362 3347 1561 3396 κοῖλον
1598 3346 1797 3405 codex,
1852 3339 1935 3403 εἰς
1969 3337 2032 3394 τὸ
2068 3345 2265 3394 κοῖλον
2300 3345 2446 3394 Mer-

211 3445 390 3482 cerus.
443 3431 517 3483 cf.
543 3431 861 3480 Iacobsium
884 3429 1142 3484 Philostr.
1166 3432 1371 3496 imagg.
1398 3448 1451 3495 p.
1478 3432 1575 3480 221
1606 3430 1676 3479 ad
1701 3447 1753 3496 p.
1781 3432 1831 3495 7,
1857 3432 1939 3480 21.
1964 3457 2029 3466 -
2065 3445 2118 3481 v.
2147 3431 2209 3480 13
2236 3428 2443 3496 βραδυ-

210 3509 386 3578 τέραν
421 3516 721 3566 Piersonus
744 3516 984 3566 verisim.
1007 3533 1058 3580 p.
1087 3518 1202 3567 700.
1273 3509 1631 3582 βραχυτέραν
1664 3513 1765 3579 τῆς
1792 3507 1995 3573 νυκτὸς
2021 3505 2245 3579 ἐκείνης
2266 3505 2443 3565 Ἀκόν-

208 3616 331 3658 τιος
380 3600 572 3650 codex.
653 3635 810 3652 .....
856 3594 1233 3666 βραχυτέραν.
1279 3598 1378 3665 τῆς
1415 3593 1619 3659 νυκτὸς
1658 3591 1882 3666 ἐκείνης
1913 3589 2187 3657 Ἀκόντιος
2224 3616 2271 3649 e.
2310 3614 2360 3663 q.
2400 3615 2443 3649 s.

209 3685 625 3736 Valckenarius
659 3685 719 3734 in
756 3681 999 3735 editione
1036 3685 1419 3736 Abreschiana
1455 3703 1507 3750 p.
1536 3688 1631 3736 127
1640 3722 1651 3735 .
1716 3677 1992 3743 Ἀκόντιος
2027 3685 2084 3734 in
2120 3687 2327 3734 textum
2362 3684 2445 3732 in-

210 3769 388 3818 latum
411 3774 572 3834 putat
594 3769 949 3835 Abresehius,
979 3785 1099 3820 cum
1123 3771 1275 3834 prius
1300 3772 1564 3836 scriptum
1590 3771 1791 3819 fuisset
1816 3807 1827 3819 .
1849 3807 1860 3820 .
1883 3807 1894 3818 .
1920 3807 1932 3818 .
1980 3761 2219 3832 ἐκείνης,
2244 3755 2313 3832 ἧς
2338 3759 2443 3816 ου’κ

209 3843 289 3904 ἄν
322 3853 414 3904 vel
450 3842 591 3904 ῶστε
627 3844 729 3905 οὐκ
763 3841 838 3903 ἄν
869 3870 917 3904 e.
950 3870 1000 3919 q.
1032 3870 1074 3906 s.
1132 3854 1204 3906 cf.
1241 3869 1385 3918 quae
1423 3855 1704 3918 disputavi
1739 3871 1789 3917 p.
1828 3855 1908 3903 98.
1955 3879 2021 3888 —
2064 3869 2117 3903 v.
2157 3853 2221 3900 14
2254 3846 2447 3917 μήδου

211 3939 416 4002 codex,
464 3937 669 3991 Μίδου
701 3939 1000 3989 MereeruS.
1052 3966 1110 3974 —
1159 3954 1212 3988 v.
1252 3940 1315 3989 15
1359 3931 1552 3988 πάντα
1596 3936 1843 3989 πλοῦτον
1890 3937 2092 4000 codex,
2142 3931 2443 3986 Ταντάλου

209 4021 464 4074 πλοῦτον
498 4023 778 4074 Reiskius.
827 4051 889 4060 --
943 4039 995 4075 v.
1034 4024 1095 4073 17
1133 4013 1208 4081 ῶς
1246 4014 1303 4072 δ’
1343 4008 1449 4072 οὖν
1487 4023 1682 4085 codex,
1722 4013 1753 4073 ὁ
1792 4014 1851 4072 δ’
1889 4007 1995 4072 οὖν
2028 4022 2340 4084 Mercerus,
2380 4007 2444 4078 ὃς

213 4098 275 4157 δ’
303 4093 408 4158 οὖν
441 4107 721 4161 Reiskius.
758 4135 822 4142 —
867 4124 918 4159 v.
957 4109 1021 4158 18
1055 4101 1181 4156 τότε
1219 4102 1420 4156 λοιπόν
1458 4108 1657 4169 codex,
1705 4099 1771 4155 τό
1807 4121 1870 4171 γε
1906 4099 2108 4156 λοιπόν
2142 4105 2444 4156 Mei-cerus·

215 4187 392 4243 ἔκαον
429 4193 629 4252 codex,
671 4185 912 4243 έκοὶοντο
949 4190 1286 4246 HercherUS.
1327 4218 1388 4225 —-
1435 4207 1487 4240 v.
1529 4193 1591 4240 19
1628 4189 1903 4241 καίεσθαι
1942 4191 2141 4252 codex,
2190 4183 2444 4240 κάεσθαι

209 4276 549 4328 Hercherus.
589 4304 652 4314 —
688 4294 739 4328 v.
778 4279 844 4328 22
880 4274 1210 4340 κολοφῶναι
1247 4275 1447 4338 codex,
1488 4263 1794 4340 κολοφῶνα
1831 4275 2003 4325 editio
2039 4274 2314 4340 princeps.

1946 4357 2039 4421 9*
