2917 4992
1072 315 1495 378 ...13-

194 489 283 548 ire.
339 508 410 546 ac
451 488 554 548 vel
598 487 858 548 maxime
903 488 1022 547 huc
1066 489 1242 563 facit,
1291 489 1458 568 quod
1504 481 1685 566 λεπτή
1716 489 1935 550 dicitur
1962 491 2139 552 Arati
2169 495 2397 572 poesiS,

195 590 341 648 1111110
399 610 741 668 cognomen
795 591 888 649 illi
946 591 1222 649 haesisse
1279 590 1527 650 videtur
1560 588 1629 668 ¹).
1687 593 1763 651 cf.
1810 594 1980 652 anth.
2037 595 2109 652 P.
2154 595 2251 653 IX
2308 603 2395 654 25.

197 691 448 770 append.
481 698 548 753 70
594 691 887 750 admonet
933 701 1135 751 antem
1179 693 1333 752 haec
1364 693 1501 770 ipsa
1532 693 1665 752 laus
1706 693 2063 754 Callimachi
2090 697 2397 774 vitupera-

196 794 356 851 tionis
401 794 518 870 frg.
563 802 696 854 241:
763 785 946 867 Λύδη
991 789 1092 850 καὶ
1149 783 1342 870 παχύ
1397 786 1641 871 γράμμα
1684 791 1784 852 καὶ
1842 783 1928 853 οὗ
1984 787 2237 873 τορόν,
2294 798 2398 855 vel

197 894 462 972 Properti
505 914 788 953 versuum
832 896 893 954 V
942 905 986 968 1,
1034 903 1099 956 61
1147 914 1320 974 sqq.:

474 1016 744 1070 Ennius
785 1015 1070 1070 hirsuta
1105 1017 1292 1086 cinqat
1329 1030 1436 1070 sua
1480 1017 1626 1070 dicta
1668 1033 1892 1072 corona.

553 1119 630 1172 mi
665 1116 803 1188 folia
847 1131 924 1171 ex
965 1116 1176 1170 hedera
1208 1120 1470 1189 porr-(qe,
1518 1118 1773 1188 Bacche,
1820 1125 1911 1173 lua
1928 1161 1942 1184 ‚

471 1226 528 1272 ιιι
568 1221 768 1274 nostris
812 1214 1107 1289 tumefacta
1150 1218 1434 1290 superbiat
1488 1219 1709 1274 Vmbria
1753 1220 1925 1287 Ιίὺνίε,

570 1295 794 1374 Vmbria
837 1319 1082 1375 Romani
1105 1323 1305 1390 ,patria
1353 1320 1782 1376 Callimachi.

345 1449 555 1509 Obiter
597 1451 896 1510 rationem
939 1449 1273 1511 habeamus
1319 1453 1773 1532 epigrammatis
1803 1452 2189 1531 Antiphanei
2228 1457 2395 1514 anth.

200 1551 256 1607 P.
297 1552 388 1632 XI
433 1561 567 1616 3222

478 1669 912 1747 Γραμματικῶν
955 1669 1234 1748 περίεργα
1276 1667 1452 1747 γένη,
1500 1660 1793 1750 ριζῶρυχα
1838 1664 2095 1748 Μούσης

553 1762 890 1851 ἀλλοτρίης,
934 1761 1165 1848 ἀτυχεῖς
1209 1771 1377 1847 σῆτες
1419 1759 1866 1848 ἆκανθοβοὶται,

473 1871 588 1929 τῶν
631 1866 970 1951 μεγάλων
1015 1871 1286 1948 κηλῖδες,
1331 1860 1423 1931 ἐπ’
1466 1860 1775 1955 Ἠρίννῃ
1820 1870 1894 1933 δὲ
1938 1876 2269 1952 κομῶντες,

557 1971 761 2050 πικροὶ
804 1971 906 2032 καὶ
951 1971 1115 2050 ξηροὶ
1159 1970 1639 2051 Καλλιμάχου
1680 1969 1999 2054 πρόκυνες,

473 2075 737 2150 ποιητῶν
783 2076 1000 2154 λῶβαι,
1046 2073 1250 2134 παισὶν
1295 2069 1493 2150 κόρος.
1516 2064 1960 2156 ἀρχομένοισιν,

557 2169 774 2254 ἔρροιτ’
823 2165 1111 2253 εὐφώνων
1155 2168 1566 2254 λαθροὸοἱκναι
1608 2170 1822 2254 πόριες.

208 2310 308 2386 Qui
347 2313 526 2390 igitur
567 2315 945 2390 grammatici
1009 2313 1366 2373 Callimachi
1411 2321 1554 2372 sunt
1614 2333 1833 2387 canes,
1896 2307 2098 2372 eidem
2152 2316 2398 2375 maioris

208 2416 514 2488 argumenti
559 2414 942 2495 ambitusque
990 2415 1261 2475 carmina
1293 2414 1660 2486 detrectant,
1706 2415 1984 2473 Erinnae
2018 2425 2232 2475 contra
2261 2438 2397 2476 ver-

207 2511 377 2589 sibuS‚
432 2537 584 2595 quos
636 2535 980 2596 perpaucos
1036 2517 1226 2576 fuisse
1281 2524 1549 2590 constat,
1606 2516 1963 2592 gloriantur.
2054 2518 2177 2576 alia
2236 2520 2401 2577 enim

206 2634 456 2676 versuum
483 2628 518 2681 3
550 2626 612 2676 et
639 2624 676 2677 4
705 2618 1018 2676 sententia
1064 2636 1200 2676 esse
1246 2639 1373 2677 non
1419 2625 1645 2698 potest.
1715 2625 1900 2696 atque
1946 2620 2239 2677 convenit
2282 2621 2399 2678 hoc

209 2720 422 2795 egregie
465 2720 530 2777 in
580 2718 941 2778 Callimachi
985 2720 1275 2778 iudicium
1321 2727 1382 2777 et
1425 2719 1745 2776 rationem.
1816 2719 1937 2775 iam
1982 2739 2115 2777 cum
2160 2739 2398 2798 anony-

208 2837 314 2876 mus
368 2821 610 2899 quidam
633 2815 684 2896 2)
752 2821 868 2878 hoc
923 2819 1108 2879 1110110
1151 2820 1457 2877 Erinnam
1514 2827 1828 2897 comparet
1883 2839 2016 2877 cum
2072 2822 2398 2880 Homero

211 2920 351 2980 anth.
391 2923 460 2980 P.
504 2923 604 2980 IX
650 2931 754 2984 190

473 3020 537 3079 οἱ
577 3019 642 3080 δὲ
683 3014 1010 3100 τριηκόσιοι
1053 3015 1270 3098 ταύτης
1312 3019 1498 3097 στίχοι
1542 3012 1659 3079 ἶσοι
1696 3012 1957 3104 Ὁμήρῳ,

557 3123 664 3199 τῆς
705 3118 806 3181 noel
849 3123 1226 3201 παρθενικῆς
1268 3118 1845 3197 ἐννεακαιδεκέτευς,

318 3326 354 3391 ¹)
385 3329 505 3379 Nisi
540 3328 683 3377 forte
723 3328 790 3376 ad
824 3325 1001 3392 ipsum
1027 3326 1251 3376 Aratum
1290 3325 1475 3390 aliquo
1511 3324 1668 3374 modo
1694 3324 1830 3374 illud
1854 3324 2015 3378 redit.
2054 3326 2126 3376 cf.
2152 3327 2402 3377 Meineki

211 3408 444 3462 vindicias
497 3412 678 3462 Sti-ab.
733 3429 784 3475 p.
834 3411 929 3459 181
979 3427 1088 3474 sq.‚
1147 3426 1309 3475 quam
1363 3410 1787 3475 disputationem
1842 3410 2035 3476 supple
2092 3427 2158 3460 ex
2202 3412 2401 3465 Athen.

212 3491 312 3545 XIV
343 3499 432 3546 619
455 3513 502 3547 0.
2350 3487 2357 3494 “

317 3579 354 3644 ²)
385 3580 742 3631 Benndorfius
798 3595 950 3630 meus
1015 3580 1080 3629 110
1129 3580 1279 3630 anth.
1329 3579 1420 3630 Gr.
1472 3579 1886 3644 epigrammatis
1943 3596 2085 3644 quae
2134 3580 2203 3630 ad
2252 3586 2400 3631 artes

213 3669 432 3724 spectant
475 3683 526 3730 p.
567 3668 596 3715 7
644 3681 698 3716 n.
738 3668 765 3714 1
805 3666 1145 3730 epigramma
1190 3664 1336 3713 istud
1381 3667 1542 3728 putat
1582 3667 1900 3728 grammatici
1940 3666 2197 3725 cuiusdam
2236 3667 2401 3727 fuisse

212 3751 394 3814 antiqui,
426 3752 658 3814 fortasse
691 3753 852 3816 ipsius
877 3750 1185 3800 Callimachi.
1257 3753 1318 3798 at
1352 3749 1519 3814 longo
1555 3754 1681 3814 post
1706 3765 1764 3798 se
1790 3748 2085 3799 intervallo
2110 3748 2247 3798 illud
2269 3765 2391 3813 poe-

213 3834 386 3883 mation
421 3834 736 3899 relinquunt
759 3833 1123 3883 Callimachei
1159 3833 1416 3884 librorum
1453 3833 1620 3892 tituli,
1659 3834 1751 3898 qui
1785 3834 2102 3898 praenitent
2137 3832 2309 3881 densa
2345 3839 2401 3882 et

215 3921 348 3966 acuta
371 3919 644 3969 brevitate
674 3935 739 3968 ac
767 3919 1004 3968 fortasse
1031 3933 1216 3967 omnes
1245 3923 1502 3982 quattuor
1531 3933 1785 3968 versuum
1809 3917 1993 3966 orbem
2018 3932 2124 3965 non
2150 3932 2399 3967 excesse-

215 4005 327 4050 runt.
383 4018 483 4052 nec
518 4019 650 4052 vero
691 4019 810 4054 cum
851 4002 1042 4052 eodem
1081 4003 1493 4067 affirmaverim,
1530 4001 1627 4051 illo
1656 4001 1878 4050 Suidam
1904 4015 2057 4049 usum
2084 4015 2223 4051 esse.
2273 4017 2399 4052 nam

212 4086 420 4144 pendent
450 4093 562 4137 tum
600 4103 900 4152 anonymus
937 4092 1048 4136 tum
1085 4087 1282 4137 Suidas
1322 4087 1390 4135 ab
1425 4085 1918 4136 Alexandrinorum
1956 4085 2100 4135 crisi.
2158 4093 2401 4136 ceterum

212 4167 583 4234 Antiphaneum
632 4166 1124 4238 epigramma‘quo
1178 4175 1346 4236 pacto
1393 4169 1649 4234 intellegi
1697 4173 1891 4233 queat,
1953 4171 2063 4220 nisi
2106 4171 2401 4222 Benndorfi

215 4254 516 4318 amplectare
553 4257 618 4306 110
657 4262 846 4307 aetate
883 4257 1128 4307 Erinnae
1167 4256 1526 4318 sententiam,
1557 4254 1711 4304 ‘haud
1748 4269 2021 4320 quaquam
2060 4255 2313 4319 dispicio·
