2917 4992
1417 316 1800 378 „2-

498 487 577 546 tis
623 488 926 566 ampullis.
987 497 1192 548 tantus
1238 490 1302 547 in
1348 490 1454 548 tali
1496 510 1565 548 re
1598 511 1930 552 consensus
1964 513 2041 552 cx
2073 514 2191 574 quo
2226 496 2525 554 communi
2555 495 2766 556 fonte

498 589 741 648 fluxerit
770 598 873 648 tuo
905 591 1036 649 iure
1082 592 1548 670 circumspicies.
1596 613 1713 651 nec
1741 594 1907 652 locus
1943 595 2119 654 datur
2142 595 2537 657 dubitationi.
2585 618 2767 655 nam

499 712 632 750 cum
677 701 894 770 agatur
940 701 1001 750 et
1048 692 1127 751 de
1175 712 1246 750 eo
1293 693 1551 767 iudicio,
1614 695 1777 774 quod
1822 695 2281 756 Alexandrinos
2340 707 2557 776 poetas
2608 701 2764 758 ele-

498 794 637 870 giae
670 795 932 852 cultores
981 794 1200 852 deceat
1247 815 1426 873 quam
1474 795 1641 874 quod
1685 797 1973 871 maxime,
2026 807 2086 856 et
2118 798 2195 856 de
2230 799 2316 857 eis
2349 801 2763 878 potissimum

497 896 726 972 poetis,
788 896 891 975 qui
949 904 1150 954 aetate
1195 896 1641 956 Alexandrinis
1689 898 1937 956 omnino
1996 900 2239 957 intenta
2298 901 2759 960 studiosissimi

497 995 727 1054 fuerint
769 996 1236 1056 Alexandrinae
1283 999 1521 1076 poesiS,
1584 1000 1774 1057 errori
1816 1001 1923 1058 vix
1969 999 2218 1058 obnoxii
2266 1002 2483 1060 erimus
2530 1004 2761 1061 locum

496 1097 665 1155 illum
696 1117 1071 1156 communem
1105 1099 1184 1156 ad
1219 1099 1522 1176 elegiacos
1553 1099 2015 1160 Alexandrinos
2062 1103 2423 1161 referentes
2492 1125 2562 1162 ac
2592 1106 2754 1182 plu-

494 1199 706 1257 rimum
748 1199 864 1258 hac
907 1200 972 1257 in
1004 1220 1071 1258 re
1119 1200 1541 1259 auctoritatem
1585 1202 1854 1261 valuisse
1890 1202 2380 1274 Callimachi,
2430 1206 2594 1263 cuius
2636 1227 2755 1264 ee-

494 1299 856 1358 leberrimae
914 1309 1056 1359 sunt
1119 1302 1488 1360 minutorum
1553 1302 1843 1362 librorum
1907 1304 2153 1377 laudeS,
2223 1326 2351 1363 non
2408 1327 2589 1364 unam
2658 1307 2752 1364 ob

495 1421 770 1460 caussam
812 1403 946 1460 veri
989 1401 1236 1462 videtur
1278 1404 1662 1464 simillimum.

661 1505 931 1562 Homero
965 1505 1300 1582 opponitur
1333 1501 1742 1566 Callimachus
1787 1508 1889 1565 vel
1933 1505 2094 1566 solus
2125 1510 2229 1566 vel
2261 1509 2476 1567 comite
2509 1507 2748 1567 addito

492 1605 740 1663 Phileta
785 1625 916 1663 cum
960 1606 1024 1662 in
1071 1605 1346 1665 versibus
1395 1605 1585 1665 Ovidi
1628 1608 1809 1666 modo
1858 1610 2189 1686 appositiS,
2248 1618 2373 1668 tum
2416 1611 2747 1688 Properti,

505 1709 694 1764 Vmbri
720 1709 1064 1777 Callimachi,
1091 1707 1347 1766 ‘duobus
1394 1708 1563 1767 locis.
1628 1731 1881 1790 quorum
1925 1711 2081 1769 alter
2128 1719 2220 1769 est
2249 1712 2342 1772 IV
2370 1721 2421 1784 9,
2454 1719 2522 1771 35
2553 1732 2734 1790 sqq„

491 1807 595 1866 ubi
638 1827 697 1866 v.
743 1816 967 1870 37—242
1011 1808 1284 1867 Thebais
1347 1810 1580 1887 cyclica
1628 1819 1689 1869 et
1732 1812 1880 1871 Ilias
1941 1821 2250 1870 notantur.
2338 1811 2747 1891 Propertium

493 1910 657 1967 enim
700 1909 1114 1987 praeeuntibus
1149 1909 1392 1968 Callino
1423 1907 1470 1986 ¹)
1520 1913 1781 1991 aliisque
1804 1912 2145 1971 Thebaidis
2180 1933 2423 1971 carmen
2471 1913 2552 1971 ad
2595 1915 2743 1972 Ho-

491 2030 720 2069 merum
776 2011 1112 2084 rettulisse,
1173 2013 1444 2088 conlegit
1496 2013 1618 2070 iam
1660 2013 2025 2072 Welckerus
2074 2035 2175 2092 ep.
2224 2015 2376 2091 cycl.
2425 2016 2457 2072 I
2512 2035 2574 2092 p.
2621 2024 2743 2074 202

493 2131 568 2170 ex
627 2111 813 2190 Prop.
873 2114 905 2170 I
959 2121 990 2174 7
1049 2112 1183 2170 init.
1201 2109 1252 2189 2)
1345 2112 1564 2170 cadem
1630 2113 1861 2172 deinde
1926 2115 2179 2172 Homeri
2242 2114 2739 2193 Callimachique

626 2379 664 2442 ¹)
707 2380 780 2428 cf.
807 2381 970 2431 PauS.
997 2382 1074 2428 IX
1100 2383 1158 2442 9,
1187 2384 1242 2442 3,
1287 2381 1382 2428 ubi
1419 2381 1563 2444 quod
1598 2381 1805 2446 legitur
1840 2399 2038 2431 nomen
2071 2383 2363 2440 Καλαῖνος
2400 2382 2736 2447 Sylburgius

489 2465 725 2514 correxit
749 2464 1047 2522 Καλλῖνος.
1119 2464 1509 2514 Ruhnkenium
1536 2465 1869 2516 Callimachi
1903 2483 2102 2516 nomen
2128 2469 2417 2518 restituere
2445 2467 2732 2518 volentem

488 2549 750 2613 gravibus
777 2549 1114 2614 argumentis
1141 2550 1394 2598 confutat
1417 2550 1747 2601 Welckerus
1775 2568 1859 2616 ep.
1889 2553 2023 2617 cycl.
2051 2554 2080 2601 I
2103 2569 2156 2616 p.
2187 2555 2283 2602 198
2310 2567 2427 2616 sqq.
2454 2552 2521 2600 de
2551 2551 2732 2600 alter-

485 2639 608 2684 utro
640 2635 1008 2700 peripatetico
1046 2633 1264 2683 Callino
1307 2635 1661 2698 cogitandum
1702 2637 1939 2699 putabat
1971 2635 2287 2686 Franckius
2321 2636 2520 2685 Callin.
2556 2653 2609 2700 p.
2638 2639 2730 2687 25.

489 2720 563 2769 cf.
590 2719 832 2771 Nitzsch.
861 2718 1236 2784 Sagenpoesie
1260 2736 1312 2784 p.
1339 2722 1422 2770 57.
1449 2719 1823 2784 Sengebusch.
1854 2722 2070 2770 disse-rt.
2097 2722 2258 2770 Hom.
2288 2723 2315 2770 Ι
2338 2737 2390 2785 p.
2410 2722 2495 2770 45.
2523 2722 2580 2769 ΙΙ
2598 2737 2650 2784 p.
2674 2724 2730 2769 9.

621 2819 664 2882 ²)
701 2821 849 2869 Huic
883 2820 1200 2888 testimonio
1239 2820 1473 2870 alterum
1506 2821 1725 2870 mallem
1766 2823 2073 2872 addidisset
2107 2821 2285 2871 locum
2313 2837 2481 2886 supra
2508 2821 2729 2870 adhibi-

487 2909 620 2966 tum,
649 2920 811 2968 quam
835 2905 921 2953 III
945 2907 1010 2953 33
1035 2904 1088 2963 b,
1115 2907 1180 2954 37
1194 2919 1308 2968 sqq.
1349 2905 1488 2968 quod
1516 2905 1562 2953 si
1588 2906 1834 2968 fecisset,
1861 2923 1966 2956 non
1995 2907 2367 2956 dubitaturum
2394 2904 2565 2954 fuisse
2591 2911 2730 2970 puto

485 2989 826 3040 Nitzschium
851 2988 1227 3052 Sagenpoesie
1254 3005 1305 3052 p.
1332 2991 1446 3038 355.
1485 2990 1689 3038 etenim
1728 3007 1847 3039 cum
1875 2995 2051 3039 totum
2074 2991 2179 3038 hoc
2206 3005 2429 3038 carmen
2453 2989 2581 3038 inde
2611 3005 2645 3038 a
2674 3006 2728 3041 v.

485 3076 570 3138 23,
599 3090 633 3123 a
659 3088 764 3138 quo
789 3088 990 3124 novum
1013 3073 1146 3122 mihi
1171 3073 1389 3122 videtur
1415 3089 1639 3122 carmen
1663 3074 1909 3138 incipere
1926 3113 1939 3138 ‚
1979 3075 2138 3125 varia
2162 3074 2579 3139 perturbatione
2608 3091 2729 3123 ma-

405 3223 408 3228 ·
484 3159 629 3208 xime
670 3158 1100 3224 interpolatione
1141 3160 1340 3208 misere
1385 3157 1751 3208 deformatum
1797 3161 1899 3222 sit,
1943 3164 2057 3208 tum
2092 3160 2138 3208 is
2173 3159 2521 3224 potissimum
2566 3158 2729 3208 locus

485 3260 644 3308 quem
669 3243 1000 3292 Welckerus
1026 3258 1180 3292 suam
1204 3243 1263 3292 in
1287 3259 1400 3292 rem
1430 3243 1683 3292 adhibuit
1707 3244 1789 3292 ita
1816 3249 1901 3293 est
1926 3243 2205 3306 confusus,
2232 3244 2325 3294 vix
2348 3247 2409 3292 ut
2434 3243 2561 3291 inde
2592 3259 2729 3292 con-

484 3328 684 3378 sultum
709 3328 782 3377 sit
805 3328 918 3378 tale
947 3328 1078 3393 quid
1105 3327 1384 3393 conligere
1401 3363 1416 3390 ,
1445 3327 1588 3392 quod
1610 3329 1848 3392 positum
1874 3329 1951 3377 sit
1975 3329 2033 3376 in
2058 3327 2278 3392 prodita
2303 3341 2559 3378 versuum
2588 3342 2726 3376 con-

483 3412 762 3462 tinuitate.
809 3416 868 3461 at
893 3428 986 3462 eos
1012 3416 1200 3462 tamen
1224 3427 1444 3475 verSUS,
1486 3413 1682 3476 quibus
1709 3429 1877 3476 supra
1901 3428 2024 3461 mox
2048 3418 2201 3475 utor,
2239 3427 2348 3462 non
2374 3411 2599 3462 invenio
2626 3427 2731 3460 cur

488 3500 696 3546 temere
723 3496 990 3546 conflatos
1015 3501 1219 3560 putem.
1261 3501 1322 3545 ut
1347 3501 1531 3546 autem
1558 3513 1591 3544 a
1615 3513 1665 3546 v.
1680 3500 1743 3546 23
1772 3513 1967 3547 novum
1994 3497 2177 3545 dicam
2205 3511 2426 3545 carmen
2450 3496 2724 3560 incipere,

485 3582 592 3631 hoc
617 3597 702 3630 me
728 3585 942 3645 movet,
981 3581 1121 3645 quod
1148 3586 1204 3630 et
1231 3581 1449 3630 diversa
1485 3597 1705 3646 prorsus
1729 3581 1861 3630 hinc
1899 3581 2158 3630 materies
2186 3580 2395 3629 orditur
2429 3584 2484 3629 et
2506 3597 2561 3630 v.
2587 3583 2726 3630 23-

485 3669 550 3716 27
579 3666 804 3731 egregie
843 3666 961 3730 apti
997 3669 1125 3714 sunt
1161 3665 1423 3714 carminis
1459 3666 1708 3727 exordiO,
1746 3682 1851 3730 quo
1892 3669 2042 3714 amat
2064 3665 2382 3729 Propertius
2410 3667 2729 3729 argumenti

485 3767 750 3802 summam
781 3749 966 3800 vivide
993 3749 1473 3814 comprehendere.
1527 3765 1625 3814 pro
1658 3753 1755 3800 sed
1772 3786 1977 3803 ......
1999 3751 2150 3812 fallet
2176 3753 2360 3798 autem
2385 3750 2477 3799 vix
2502 3749 2725 3800 dubita-

484 3837 657 3888 verim
695 3835 1044 3886 scribendum
1083 3850 1202 3884 esse
1239 3836 1314 3884 sic
1351 3874 1569 3887 ......
1600 3835 1769 3896 fallat.
1822 3837 1983 3900 Prop.
2022 3835 2099 3884 IV
2137 3835 2228 3894 15,
2267 3835 2322 3881 1:
2372 3833 2460 3883 Sic
2494 3851 2587 3898 ego
2621 3851 2728 3885 non

481 3925 612 3972 ullos
645 3924 745 3970 iam
778 3922 943 3970 norim
972 3921 1025 3968 in
1060 3934 1230 3969 amore
1265 3921 1517 3969 tumultus,
1558 3918 1631 3968 cf.
1660 3918 1863 3968 Tibull.
1902 3921 1929 3968 Ι
1962 3921 2019 3980 4,
2051 3921 2107 3980 1,
2143 3919 2278 3967 Hor.
2316 3930 2481 3968 carm.
2514 3919 2544 3966 I
2578 3921 2640 3980 3,
2671 3921 2724 3970 1.

487 4021 554 4054 ac
577 4005 814 4056 voculae
837 4007 912 4056 sic
937 4009 992 4054 et
1015 4007 1110 4054 sed
1141 4005 1302 4054 initio
1325 4003 1667 4068 potissimum
1690 4017 1883 4054 versus
1909 4003 2159 4066 quotiens
2186 4003 2254 4052 ob
2282 4017 2547 4051 summam
2569 4003 2728 4052 simi-

483 4088 772 4138 litudinem
805 4090 865 4137 in
901 4088 1182 4139 codicibus
1225 4089 1373 4138 inter
1407 4105 1468 4140 se
1506 4089 1941 4150 confundantur,
1982 4091 2181 4135 norunt
2216 4087 2403 4150 periti.
2476 4091 2725 4136 ceterum

483 4187 592 4222 non
615 4174 831 4235 nesci0,
871 4174 1064 4236 quibus
1088 4189 1306 4238 possem
1331 4174 1597 4238 exemplis
1621 4173 1725 4222 hoc
1752 4173 1921 4222 etiam
1948 4173 2229 4222 exordium
2252 4173 2349 4220 sed
2365 4206 2556 4224 ......
2572 4172 2726 4233 fallet

483 4256 672 4308 tutari.
722 4260 780 4306 at
803 4261 1056 4318 praestat
1079 4262 1264 4308 tamen
1289 4259 1436 4324 prior
1462 4258 1620 4308 ratio.
