2917 4992
1435 355 1865 419 -66-

513 530 956 608 suspitionem.
1036 529 1296 608 praebet
1341 538 1546 588 autem
1588 530 1813 588 malum
1868 529 2067 589 forma
2122 530 2369 608 insigne
2416 529 2778 610 Cydippae,

533 650 690 710 quae
735 632 1022 693 recitaret
1061 631 1256 690 verba
1298 631 1515 691 incisa.
1588 631 1824 690 scilicet
1866 632 2005 712 ipsa
2042 633 2345 690 nutricula
2386 633 2599 708 legere
2645 653 2781 692 non

533 730 854 791 didicerat.
944 727 1149 808 ζδέχου
1191 732 1413 808 μῆλον,
1474 716 1522 790 ὦ
1576 729 1933 808 κεκτημένη,
1992 723 2127 789 οἷον
2180 720 2253 790 οὗ
2296 728 2584 808 τεθέαμαι
2631 729 2780 811 πρό-

509 852 726 911 τερον·
789 819 868 904 ὥς
911 822 1342 912 ὑπερμέγεθες,
1403 821 1492 904 ὥς
1526 824 1887 912 πυρρωπόν,
1951 819 2030 903 ὥς
2086 826 2365 912 ἐρύθημα
2408 829 2613 912 ’φέρον
2656 834 2781 893 τῶν

528 925 770 1010 ῥόδων)

697 1055 1035 1113 Permirum
1100 1056 1166 1114 in
1229 1055 1326 1114 his
1393 1075 1581 1113 unum
1642 1053 1826 1128 illud,
1910 1055 2076 1134 quod
2142 1055 2308 1134 pomi
2375 1053 2782 1132 praedicatur

531 1156 806 1215 eiusdem
848 1175 1060 1215 roseus
1107 1154 1326 1229 rubor,
1371 1154 1449 1214 de
1498 1176 1617 1235 quo
1668 1152 1929 1216 Ovidius
1972 1155 2138 1214 XXI
2181 1163 2285 1217 215
2329 1175 2421 1234 sq.

781 1294 1114 1350 concidimus
1155 1295 1348 1349 macie.
1438 1295 1588 1349 color
1630 1298 1714 1348 est
1757 1296 1897 1370 sine=
1918 1296 2214 1366 sanquine,
2260 1295 2477 1366 qualem

863 1397 922 1450 in
957 1412 1159 1466 pomo
1205 1395 1396 1468 refero
1440 1400 1623 1449 mente
1661 1393 1845 1466 fuisse
1887 1403 1995 1451 tue.
2024 1389 2073 1470 ¹)

526 1564 734 1625 neque
783 1564 930 1603 vero
979 1563 1115 1603 esse
1175 1543 1426 1603 dubium
1482 1552 1719 1623 potest,
1783 1565 1903 1624 quo
1963 1554 2145 1624 pacto
2190 1545 2256 1608 id
2302 1547 2381 1604 sit
2426 1546 2781 1624 expedien-

529 1647 690 1706 dum.
784 1644 1272 1725 deprehenditur
1329 1647 1493 1704 enim
1549 1647 1854 1724 sophista,
1917 1648 2098 1727 quale
2144 1647 2225 1705 sit
2268 1643 2513 1725 pomuni
2560 1647 2781 1727 Cydo-

525 1749 721 1821 nium,
787 1756 894 1806 aut
944 1747 1302 1824 ignorantia
1361 1748 1703 1806 nescivisse
1762 1756 1866 1805 aut
1921 1748 2157 1807 incuria
2216 1749 2593 1825 neglexisse.
2702 1771 2784 1808 ac

527 1848 1016 1929 deprehenditur
1059 1850 1236 1908 simul
1282 1848 1360 1907 de
1401 1867 1510 1906 suo
1552 1849 1991 1926 intempestive
2036 1830 2355 1908 addidisse
2394 1850 2545 1908 istas
2587 1850 2781 1910 rubo-

523 1950 607 2008 ris
663 1950 913 2022 laudeS,
973 1957 1042 2008 ut
1100 1969 1250 2030 quas
1317 1960 1505 2027 aegre
1571 1948 1960 2009 desideraret
2015 1949 2181 2028 apud
2231 1949 2675 2010 Callimachum
2702 1950 2781 2030 2).

449 2039 452 2050 ’
524 2053 848 2131 potuitque
909 2070 1045 2109 eum
1098 2051 1214 2109 hac
1257 2051 1322 2109 in
1367 2070 1434 2109 re
1483 2049 1737 2130 aliquod
1802 2049 2054 2110 eludere
2111 2050 2187 2109 ab
2245 2051 2352 2110 illo
2408 2061 2783 2132 usurpatum

523 2145 846 2231 ambiguae
893 2152 1360 2231 significationis
1409 2152 1762 2232 epitheton,
1810 2153 2002 2211 veluti
2044 2146 2382 2230 πυρρωπός.
2439 2154 2557 2212 hoc
2602 2157 2783 2214 enim

503 2255 804 2335 'quamvis
848 2245 1104 2313 rubrum⁴
1137 2245 1316 2312 simul
1369 2252 1605 2312 indicat
1666 2253 1955 2328 colorem,
2021 2261 2228 2340 potest
2286 2254 2468 2313 etiam
2515 2254 2593 2314 de
2648 2255 2781 2336 Cy-

524 2351 713 2415 donio
760 2376 939 2435 pomo
991 2354 1303 2428 adhiberi,
1354 2356 1458 2433 qui
1502 2352 1750 2413 helvolo
1800 2363 1892 2414 est
1933 2356 2038 2415 vel
2082 2355 2355 2414 subflavo
2403 2356 2634 2416 colore.

691 2472 876 2551 Quod
936 2473 1015 2532 ad
1073 2463 1354 2546 εὐωδίαν,
1417 2493 1539 2552 qua
1580 2473 1685 2531 vel
1732 2493 1765 2531 e
1820 2473 2161 2554 longinquo
2218 2475 2487 2534 suaviter
2539 2478 2784 2535 malum

521 2574 631 2634 sub
677 2585 936 2634 sensum'
971 2574 1195 2634 cadere
1239 2575 1445 2634 nutrix
1491 2573 1667 2648 dicit,
1713 2575 1818 2633 vel
1862 2574 2005 2632 hinc
2051 2575 2336 2652 coliigaS,
2386 2596 2566 2655 quam
2614 2580 2782 2637 curi—

522 2697 630 2735 osa
675 2696 747 2734 ac
791 2669 1231 2756 circumspecta
1285 2685 1415 2734 arte
1476 2696 1676 2735 rerum
1732 2676 2058 2735 veritatem
2115 2677 2182 2734 in
2237 2676 2461 2736 talibus
2518 2688 2780 2739 secutus

519 2780 601 2836 sit
644 2785 830 2856 poeta
876 2774 1277 2856 Cyrenensis.
1363 2777 1728 2837 Athenaeus
1774 2777 1875 2836 III
1918 2798 1981 2857 p.
2026 2786 2093 2838 81
2122 2797 2186 2836 e:
2236 2767 2549 2855 Φύλαρχος
2594 2769 2655 2836 δ’
2714 2778 2781 2838 ἕν

518 2879 593 2958 τῇ
637 2873 778 2957 ἕκτῃ
823 2878 942 2936 τῶν
990 2877 1266 2955 ἱστοριῶν
1310 2866 1380 2936 τὰ
1411 2870 1696 2938 Κυδώνια
1738 2874 1884 2952 φησὶ
1929 2877 2085 2955 μῆλα
2130 2878 2204 2961 τῇ
2246 2867 2467 2962 εὐωδίᾳ
2510 2877 2616 2938 καὶ
2666 2875 2780 2954 τὰς

518 2978 639 3037 τῶν
699 2978 1056 3055 θανασίμων
1115 2971 1450 3056 φαρμάκων
1508 2971 1787 3056 δυνάμεις
1829 2970 2261 3058 ἀπαμβλύνειν.
2348 2982 2593 3042 Plinius
2644 2983 2782 3046 XV

621 3211 694 3315 „¹)
733 3249 891 3300 Haec
931 3247 1186 3314 argutula
1223 3251 1507 3300 sententia
1546 3249 1715 3300 facile
1754 3267 1787 3300 a
1826 3248 2173 3301 Callimacho
2210 3256 2428 3317 sumpta
2465 3258 2572 3302 est.
2633 3255 2780 3306 Ovi-

498 3329 642 3383 dius
681 3351 732 3384 a.
772 3351 823 3385 a.
859 3331 942 3384 ΙΙΙ
981 3337 1078 3385 703
1115 3351 1232 3400 sqq.
1427 3329 1430 3332 ⁴

851 3439 1115 3499 palluit,
1151 3445 1206 3487 ul
1239 3455 1390 3488 serae
1427 3441 1571 3488 lectis
1608 3439 1671 3487 de
1707 3439 1807 3486 vite
1843 3439 2059 3488 racemis

918 3525 1201 3583 pallescunt
1228 3524 1460 3585 frondes,
1502 3539 1627 3587 quas
1664 3539 1793 3572 nova
1828 3524 1976 3572 laesit
2009 3523 2214 3587 hiemps,

854 3620 1081 3668 quaeque
1117 3622 1235 3656 suos
1271 3615 1483 3656 curvant
1517 3615 1715 3656 matura
1750 3609 2025 3669 cydonia
2059 3623 2243 3665 ramo-3,

868 3721 873 3725 -
917 3704 1174 3754 cornaque
1209 3693 1374 3741 adhuc
1408 3693 1599 3741 nostris
1633 3707 1733 3740 non
1767 3693 1895 3741 satis
1930 3700 2056 3756 apta
2090 3691 2232 3740 cibis.

519 3805 584 3839 ac
621 3789 878 3840 similiter
911 3790 1240 3842 Theocritus
1276 3793 1330 3843 II
1365 3794 1457 3842 88:
1505 3791 1612 3843 καί
1641 3808 1749 3858 μευ
1795 3785 1939 3858 χρὼς
1984 3787 2091 3858 μὲν
2126 3781 2324 3857 ὁμοῖος
2362 3785 2584 3857 ἐγίνετο
2625 3799 2781 3848 πολ-

493 3867 644 3924 inim
695 3866 894 3938 θάψω.
967 3874 1198 3925 Ovidius
1244 3882 1370 3929 met.
1417 3878 1496 3927 IV
1535 3878 1632 3927 134
1666 3892 1747 3941 sq.
1820 3893 2011 3942 oraque
2047 3877 2183 3926 bucco
2215 3875 2221 3940 Ι
2248 3878 2533 3940 pallidiora
2566 3896 2785 3944 yerens

511 3961 798 4010 exhorruit.
839 3958 1104 4010 Tibullus
1139 3961 1166 4009 I
1201 3962 1252 4026 8,
1289 3964 1381 4011 52:
1418 3963 1515 4012 sed
1548 3964 1727 4012 nimius
1758 3965 1862 4012 luto
1899 3977 2122 4026 corpora
2158 3963 2306 4026 tingit
2340 3979 2497 4012 amor.

645 4060 690 4122 2)
727 4061 878 4111 Solet
915 4063 1058 4111 enim
1094 4063 1152 4111 in
1186 4063 1363 4128 pomis
1398 4064 1713 4128 praedicari
1748 4080 1938 4114 roseus
1974 4063 2140 4116 color.
2178 4064 2252 4112 cf.
2281 4063 2429 4113 anth.
2455 4063 2519 4112 P.
2549 4065 2602 4116 V
2630 4069 2780 4118 290:

903 4138 1095 4212 ’Όμμα
1130 4147 1555 4213 πολυπτοιήτον
1588 4139 2025 4200 ὖποκλέπτονσα
2060 4139 2333 4212 τεκούσης

985 4231 1255 4297 συζυγίην
1289 4225 1523 4298 μήλων
1559 4231 1743 4284 δῶκεν
1780 4225 1907 4298 ἐμοὶ
1943 4228 2019 4297 ᾇο
2034 4227 2211 4282 δέων

917 4311 1205 4380 θηλυτέρη
1243 4315 1536 4381 χαρίεσσα.
