2917 4992
15 4209 35 4949 *-
15 3671 29 4182 -τ
16 2827 23 3644 ἡὴ
15 1967 27 2788 ὴ--ῂ--ῇ-
15 1153 27 1926 'm‘
16 589 25 1118 ——u————--vv
16 491 18 544 -’
16 387 18 424 -

1103 315 1525 380 -73-

187 491 304 549 hoc
349 489 620 550 admittit
644 485 715 566 ¹).
807 509 996 569 quare
1039 498 1269 563 statuo,
1327 489 1410 571 τῷ
1466 491 1813 569 respexisse
1870 490 1949 549 ad
2008 511 2429 569 praegressam

192 593 418 670 patris,
479 590 586 648 τοῦ
628 583 900 662 τεκόντος
922 588 993 667 ²),
1051 593 1429 650 mentionem
1476 599 1538 651 et
1594 589 1975 670 pependisse
2022 613 2058 650 a
2103 592 2429 672 participio

194 695 436 773 aliquo,
486 692 651 772 quod
694 692 762 750 in
804 693 1122 772 sequentis
1154 693 1527 771 pentametri
1556 693 1731 753 initio
1763 694 2031 772 positum
2059 695 2147 752 ita
2174 713 2430 773 respon-

197 793 356 852 derit
381 793 770 856 Aristaeneti
817 782 945 873 [τὸν
988 789 1238 876 πατέρα]
1286 784 1549 870 φεύγων,
1592 801 1659 853 ut
1704 793 1968 853 eandem
2014 793 2265 874 quidem
2306 797 2430 854 vim

195 894 480 968 haberet,
539 895 652 954 sed
707 894 881 954 verbi
929 904 1094 955 esset
1138 903 1200 954 et
1245 894 1517 954 dativum
1573 896 1844 976 regentis
1904 905 1965 954 et
2016 896 2263 955 rarioris
2318 897 2425 956 illo

194 996 765 1076 reconditiorisque.
856 998 1039 1077 quale
1083 998 1150 1055 in
1195 997 1553 1076 praesentia
1596 1016 1747 1055 sane
1793 1017 1919 1054 non
1964 999 2274 1058 succurrit.

359 1131 690 1190 Acontium
746 1141 949 1192 autem
991 1132 1280 1192 Laertem
1332 1131 1484 1191 inde
1540 1132 1867 1212 appellant
1920 1133 2247 1191 amicorum
2290 1152 2430 1210 pro-

195 1234 490 1305 caciores,
549 1232 1079 1296 adulescentulum
1123 1233 1453 1311 agricolam
1498 1234 1723 1294 factum
1768 1253 1905 1293 esse
1949 1235 2083 1292 rati.
2171 1235 2430 1293 contulit

196 1334 556 1394 Lambecius
612 1335 872 1394 Aeneae
929 1337 1244 1415 sophistae
1298 1337 1501 1395 locum
1557 1336 1737 1414 epist.
1782 1343 1817 1396 2
1871 1355 1933 1414 p.
1980 1344 2083 1396 422
2139 1334 2431 1394 editionis

195 1436 589 1514 epistularum
634 1436 1149 1496 Graecanicarum
1195 1457 1370 1516 quae.
1398 1437 1757 1496 Cuiaciania
1811 1437 2111 1495 immerito
2174 1435 2429 1495 dicitur:

194 1533 464 1612 Λαέρτης
503 1523 536 1595 ὅ
595 1534 786 1614 γέρων
839 1527 1032 1630 οὐκέτ’
1081 1530 1304 1611 ἤθελεν
1355 1530 1511 1595 εἶναι
1568 1526 1845 1613 βασιλευς
1900 1525 2029 1594 οὐδ’
2088 1527 2189 1594 ἆν
2169 1529 2431 1613 θρῶπων

192 1657 426 1750 αρχειν,
491 1626 638 1697 ἄλλα
693 1631 996 1714 κηπουρός
1052 1659 1114 1698 τε
1169 1633 1323 1698 εἶναι
1377 1635 1480 1696 καὶ
1534 1658 1655 1698 των
1713 1635 1971 1751 δένδρων
2030 1633 2429 1713 ἐπιμέλεσθαι.

191 1729 264 1796 σύ
309 1737 368 1797 δέ
412 1759 514 1816 μοι
560 1738 754 1810 δοκεῖς
798 1736 1155 1815 ἐζηλωκέναι
1197 1731 1302 1798 τόν
1345 1731 1691 1818 ανθρωπον.
1736 1759 1808 1798 ου
1850 1727 1962 1817 γὰρ
2006 1760 2084 1796 αν
2113 1727 2223 1814 τὴν
2256 1732 2431 1798 πόλιν

195 1836 291 1898 καὶ
336 1830 476 1912 τούς
517 1842 740 1901 σαυτοῦ
783 1831 1096 1901 άπολιπών
1137 1834 1357 1920 χρόνον
1383 1832 1543 1901 οὕτω
1586 1830 1817 1918 μακρὸν
1862 1837 1925 1899 ἐν
1968 1831 2135 1924 ἀγρῷ
2165 1856 2427 1914 προσκα-

193 1934 454 2017 θήμενος
509 1947 630 2014 τοῖς
686 1947 894 2017 φυτοῖς
955 1943 1153 2021 διῆγες
1210 1943 1423 2002 λαλῶν.
1518 1965 1772 2028 quorum
1830 1952 2106 2003 extrema
2162 1943 2425 2003 maxime

199 2044 550 2104 Callimachi
595 2047 870 2125 produnt
913 2048 1336 2106 imitationem.
1405 2046 1518 2105 sed
1565 2046 1743 2106 adest
1786 2045 1954 2104 aliud
1995 2047 2426 2118 testimonium,

201 2167 314 2224 quo
359 2155 534 2226 patet
584 2148 874 2207 Laertem
927 2149 994 2206 in
1049 2147 1379 2227 proverbio
1438 2148 1648 2206 fuisse.
1720 2147 1879 2205 Plut.
1927 2166 1983 2206 v.
2033 2145 2160 2204 Cic.
2206 2154 2307 2206 40:
2366 2136 2429 2202 τὸ

201 2243 302 2322 μὲν
355 2232 466 2306 οὖν
521 2249 800 2307 πλεῖστον
851 2248 959 2306 τοῦ
1003 2238 1224 2326 χρόνου
1275 2243 1490 2306 τούτου
1535 2243 1668 2324 περὶ
1719 2245 2020 2305 Τοῦσκλον
2076 2242 2142 2303 ἐν
2198 2245 2430 2322 χωρίοις

205 2338 378 2406 αὑτοῦ
445 2341 671 2426 διάγων
735 2346 958 2428 ’ἔγραφε
1024 2339 1172 2425 πρὸς
1203 2340 1365 2430 ,τούς
1422 2348 1633 2424 φίλους
1687 2343 2024 2424 Λαέρτου
2076 2346 2243 2424 βίον
2302 2347 2430 2422 ζῆν

211 2470 258 2507 e.
292 2471 348 2529 q.
379 2471 425 2510 S.
485 2451 728 2511 Laertis
773 2460 976 2512 autem
1019 2454 1312 2512 memoria
1356 2462 1422 2512 ut
1465 2461 1590 2512 tam
1631 2451 1953 2511 ridiculam
1984 2450 2275 2510 indueret
2319 2472 2430 2510 no-

211 2551 440 2625 tionem,
487 2553 728 2633 qualem
765 2575 918 2632 prae
961 2575 1028 2614 se
1073 2555 1196 2613 fert
1234 2554 1401 2633 apud
1432 2554 1930 2626 Aristaenetum,
1979 2551 2047 2610 id
2091 2571 2203 2630 per
2249 2553 2429 2610 comi-

217 2673 304 2710 cos
346 2663 558 2733 poetas
605 2655 885 2714 effectum
933 2675 1070 2714 esse
1112 2657 1401 2715 Laertem
1444 2657 1509 2713 in
1555 2674 1805 2713 scenam
1848 2650 2291 2732 producentes,
2340 2652 2429 2711 fa-

219 2755 317 2812 cile
357 2755 700 2834 suspiceris.
791 2766 1061 2816 ceterum
1108 2756 1326 2816 doctae
1371 2756 1527 2814 tales
1586 2755 2073 2834 comparationes
2122 2773 2157 2811 e
2203 2751 2427 2811 fabulis

220 2857 426 2932 petitae
479 2856 626 2916 huic
679 2858 894 2937 utique
954 2860 1242 2937 propriae
1273 2857 1524 2936 generi.
1611 2857 1784 2916 velut
1830 2855 2163 2915 Clearchus
2215 2875 2427 2916 narra-

219 2966 368 3016 verat
418 2959 484 3017 in
533 2959 810 3018 eroticis:
860 2949 1182 3037 Ἠριφανὶς
1225 2947 1264 3035 ἡ
1301 2946 1613 3035 μελοποιὸς
1662 2949 1987 3016 Μενάλκου
2030 2955 2431 3034 κυνηγετοῦν-

219 3076 298 3126 τος
337 3054 651 3137 ἐρασθεῖσα
695 3051 948 3134 ἔθήρευε
990 3055 1362 3137 μεταθέουσα
1405 3063 1535 3130 ταῖς
1580 3054 1945 3134 ἐπιθυμίαις.
2019 3058 2285 3132 φοιτῶσα
2315 3047 2429 3134 γὰρ

219 3155 303 3216 καὶ
342 3156 690 3236 πλανωμένη
745 3148 971 3231 πάντας
1025 3155 1164 3232 τούς
1209 3151 1436 3235 ὀρείους
1481 3154 1708 3238 ἐπεξῄει
1756 3153 2045 3237 δρυμούς,
2104 3149 2182 3227 nic,-
2224 3158 2430 3234 μῦθον

220 3252 350 3319 εἶναι
392 3251 564 3332 τούς
610 3259 1052 3340 λεγομένους
1091 3253 1294 3333 Ἰοῦς
1341 3255 1682 3338 δρόμους.
1757 3262 1844 3319 ita
1874 3260 2237 3319 Athenaeus
2268 3260 2430 3319 XIV

219 3381 271 3438 p.
309 3373 403 3427 619
427 3385 479 3424 c.
553 3385 668 3424 nec
713 3365 952 3424 alienus
1001 3373 1095 3424 est
1136 3365 1519 3425 Aristaeneti
1572 3364 1745 3422 locus
1789 3363 1857 3421 II
1907 3371 1971 3423 13
2015 3381 2077 3440 p.
2132 3369 2259 3424 166:
2320 3348 2431 3438 ἐγὼ

219 3451 264 3516 δ’
289 3451 734 3539 ἷέφυπνισθεῖσα
765 3455 912 3542 πρὸς
943 3458 1202 3542 ἐμαυτὴν
1232 3458 1422 3542 ἐβόων
1452 3464 1655 3523 τοῦτο·
1704 3449 1839 3521 ιοὐκ
1872 3458 2035 3520 ἔστιν
2067 3461 2428 3537 Φιλωνίδης,

213 3551 342 3622 ἀλλὰ
386 3557 666 3641 Θησεύς.)
727 3562 1104 3644 κοιμωμένην
1144 3558 1489 3626 καταλιπων
1532 3556 1721 3648 ᾤ’χου·
1776 3554 2101 3641 Ἀριάδνην
2142 3585 2212 3640 με
2242 3564 2431 3622 πᾶσαι

333 3847 372 3916 ¹)
406 3853 692 3904 Areuerim
727 3853 874 3904 enim
908 3854 1051 3903 talia
1087 3853 1360 3918 exempla,
1399 3853 1571 3920 quale
1600 3857 1685 3904 est
1722 3851 1946 3901 Gallim.
1982 3851 2041 3898 in
2077 3850 2186 3900 Iov.
2222 3850 2315 3900 80:

495 3962 562 4021 ἐκ
599 3963 664 4021 δὲ
701 3964 838 4031 Διὸς
876 3969 1162 4036 βασιλῆες,
1203 3963 1326 4023 ἐπεὶ
1363 3966 1529 4034 γένος
1564 3959 1740 4022 oviam
1775 3960 2041 4020 ανάκτων

495 4049 940 4122 θειότερον·τῷ
976 4054 1082 4107 καί
1113 4069 1216 4120 σφι
1251 4048 1389 4122 τεὴν
1427 4047 1661 4119 ἕκρίναο
1696 4047 1875 4115 λάξιν.

331 4169 370 4236 .²)
405 4173 628 4223 Etenim
673 4177 838 4238 poeta
883 4172 1002 4240 ipse
1039 4173 1131 4224 vel
1167 4165 1346 4225 τεκών
1379 4170 1471 4225 vel
1506 4169 1707 4230 τοκεύς
1740 4185 1934 4224 vocem
1968 4170 2073 4220 hoe
2109 4169 2233 4221 loco
2272 4169 2430 4220 adhi-

210 4250 407 4309 buerat.
445 4257 517 4308 cf.
553 4257 660 4322 frg.
698 4259 812 4308 118.
852 4258 910 4306 in
948 4257 1134 4308 Cerer.
1169 4259 1256 4320 48,
1295 4259 1400 4323 frg.
1441 4259 1502 4308 11
1544 4262 1601 4307 et
1634 4257 1755 4306 256.
