2917 4992
1393 327 1775 390 „gffl

465 505 693 580 caussis
760 505 1172 564 reiectaneam
1237 502 1355 559 hoc
1409 521 1532 559 uno
1596 501 1845 559 nomine
1904 521 2069 558 nunc
2125 500 2459 579 redarguo,
2532 502 2735 582 quod

461 606 756 664 Horatius
802 625 858 664 a.
905 610 1072 682 poet.
1105 612 1222 676 131,
1268 602 1373 660 ubi
1419 601 1779 662 Callimachi
1823 622 2112 661 versuum
2156 623 2482 662 memorem
2529 603 2736 683 loqui

461 707 636 766 illum
696 707 832 784 ipse
901 706 1128 763 fatetur
1183 703 1530 777 MerkeluS,
1590 707 1871 778 publicam
1939 707 2227 761 materiem
2256 707 2260 712 ’
2294 704 2463 763 dicit.
2529 704 2727 763 unde

465 809 804 869 cavendum
865 814 1156 885 apparet,
1217 826 1298 865 ne
1355 798 1643 880 δημόσιον
1698 806 1881 878 illud,
1946 825 2066 884 quo
2127 807 2424 884 cyclicum
2478 825 2729 884 poema

467 909 842 970 Callimacho
907 908 1172 968 invisum
1227 907 1539 980 redditur,
1606 907 1727 966 alio
1786 907 2123 966 referamus
2194 927 2377 986 quam
2434 907 2513 968 ad
2574 928 2725 967 ma·-

463 1012 701 1070 teriem.

630 1114 862 1172 Poema
904 1112 1088 1189 igitur
1133 1111 1431 1190 cyclicum
1474 1110 1656 1184 illud,
1707 1111 2135 1190 quodcumque
2180 1131 2377 1188 genus
2425 1111 2723 1170 carmina

466 1215 1056 1293 comprehendebat,
1103 1213 1169 1272 id
1213 1211 1485 1272 habebat
1516 1214 1757 1292 propri,
1807 1213 1971 1291 quod
2016 1214 2431 1291 popularia
2474 1233 2721 1290 argu-

462 1325 715 1375 menta
771 1314 1124 1374 celebrabat
1168 1335 1296 1373 non
1340 1307 1539 1373 minus
1584 1335 1697 1374 usu
1750 1315 1895 1373 trita
1940 1313 2343 1394 omnibusque
2395 1314 2719 1393 patentia,

466 1437 649 1496 quam
693 1418 795 1475 via
838 1425 1184 1495 puteusque
1229 1415 1511 1494 publicus
1555 1417 1659 1474 vel
1702 1435 1856 1494 puer
1899 1416 2284 1494 vulgivaguS.
2314 1411 2362 1492 ¹)
2426 1436 2503 1474 ea
2548 1435 2719 1474 vero

463 1518 864 1596 reprehensio
911 1519 962 1576 si
1007 1537 1074 1575 re
1117 1536 1268 1575 vera
1310 1517 1503 1590 inest,
1563 1525 1631 1575 ut
1674 1515 1918 1576 videtur
1962 1517 2201 1590 inesse,
2265 1519 2368 1596 qui
2411 1517 2543 1576 fieri
2591 1537 2720 1594 po-

463 1620 634 1692 terit,
703 1627 770 1678 ut
825 1619 900 1677 ab
960 1619 1301 1678 Homericis
1363 1618 1735 1678 carminibus
1803 1617 2209 1698 probabiliter
2278 1616 2723 1677 defendatur?

464 1740 624 1780 neve
657 1741 792 1780 cum
820 1720 1148 1780 Welckero
1194 1739 1497 1798 provoces
1542 1727 1607 1779 ut
1641 1719 1999 1779 Callimachi
2044 1728 2341 1798 patronus
2386 1720 2543 1778 iusto
2578 1727 2725 1777 stu-

465 1821 695 1880 diosior
759 1821 840 1882 ad
907 1823 1122 1880 horum
1196 1821 1529 1880 carminum
1600 1841 1782 1899 quam
1837 1830 2076 1879 nosmet
2135 1821 2501 1880 admiramur
2564 1841 2718 1898 per-

463 1923 816 1982 fectionem.
913 1943 1055 1981 nam
1111 1922 1226 1980 hoc
1281 1921 1346 1981 in
1407 1941 1639 1998 genere
1710 1924 2027 2000 paradoxa
2081 1922 2437 1981 acciderunt
2491 1922 2718 1980 hercle

461 2022 670 2082 multa.
769 2024 949 2082 Plato
1009 2023 1442 2082 Antimachum
1500 2023 1563 2081 in
1624 2021 1861 2082 deliciis
1916 2023 2150 2096 habuit,
2219 2023 2410 2083 Iulius
2472 2021 2721 2082 Caesar

465 2124 739 2201 Scaliger
781 2124 1146 2184 Aeneadem
1188 2124 1375 2183 Iliadi
1420 2124 1804 2204 anteposuit,
1852 2121 2155 2184 Ricardus
2198 2124 2517 2183 Bentleius
2566 2144 2718 2183 cum

466 2224 692 2284 Ovidio
737 2226 1060 2285 Manilium
1105 2246 1397 2285 summum
1441 2228 1855 2286 Romanorum
1899 2234 2147 2304 poetam
2193 2225 2517 2298 iudicavit,
2568 2227 2717 2285 Fri-

467 2326 704 2385 dericus
761 2348 1016 2406 magnus
1071 2327 1549 2404 Nibelungicum
1606 2347 1850 2384 carmen
1910 2327 2164 2405 respuit.
2266 2346 2383 2385 nec
2438 2328 2717 2405 amplius

465 2425 822 2486 admirabile
867 2429 992 2486 tale
1046 2427 1193 2508 quid
1251 2427 1701 2499 arbitrandum,
1760 2427 1866 2486 ubi
1923 2427 2088 2506 quod
2148 2437 2295 2506 apto
2356 2427 2720 2488 declaratur

460 2528 811 2587 testimonio
857 2529 1310 2600 ideminterna
1354 2529 1620 2609 quadam
1662 2528 1786 2588 fide
1825 2549 1953 2587 non
1998 2541 2183 2588 caret.
2248 2549 2503 2607 quorum
2551 2550 2715 2588 neu-

464 2639 619 2688 trum
664 2639 909 2689 nostrae
969 2651 1219 2690 caussae
1283 2631 1505 2690 deesse
1552 2629 1759 2690 credo.
1848 2631 1965 2689 hoc
2009 2631 2192 2710 igitur
2236 2629 2378 2688 dum
2424 2649 2715 2708 compro·
2788 2671 2803 2680 -

463 2731 734 2790 bandum
777 2733 1162 2811 suscipimus,
1212 2733 1288 2790 ab
1336 2753 1409 2791 eo
1456 2733 1593 2811 ipso
1642 2731 1909 2791 ordimur
1949 2732 2115 2805 loce,
2166 2753 2285 2811 quo
2332 2731 2714 2791 Welckerus

465 2832 622 2890 dixit
685 2835 1001 2911 cognosci,
1076 2833 1516 2892 Callimachum
1573 2834 1807 2912 cyclica
1862 2834 2132 2892 carmina
2187 2834 2393 2910 magni
2453 2832 2711 2892 fecisse.

467 2932 604 2991 dico
653 2935 1028 3011 epigramma
1072 2936 1202 2992 eius
1247 2936 1370 2994 VI:
1397 2929 1448 3010 ²)
2414 2923 2419 2928 ⁸

719 3083 844 3142 Τοῦ
889 3082 1120 3159 Σαμίου
1165 3077 1348 3155 πόνος
1391 3081 1511 3161 εἰμὶ
1558 3075 1720 3166 δόμῳ
1764 3081 1903 3143 ποτὲ
1946 3087 2119 3142 θεῖον
2162 3073 2369 3142 ἀοιδὸν

804 3183 1138 3262 δεξαμένου.
1206 3185 1380 3245 κλείω
1425 3179 1487 3243 δ’
1538 3175 1815 3260 Εὔρυτον
1856 3176 1986 3243 366’
2040 3182 2271 3244 ἔπαθεν

715 3283 816 3344 καὶ
863 3277 1096 3364 ξανθὴν
1131 3276 1395 3346 Ἰόλειαν.
1459 3280 1766 3364 Ὁμήρειον
1812 3284 1876 3346 δὲ
1919 3287 2209 3363 καλεῦμαι

799 3383 1057 3465 γράμμα.
1107 3381 1481 3471 Κρεωφύλῳ,
1528 3389 1647 3448 Ζεῦ
1690 3387 1862 3464 φίλε,
1908 3385 2079 3446 vodio
2124 3385 2289 3467 μέγα.

631 3540 992 3598 Welckerus
1050 3541 1090 3599 l.
1138 3562 1188 3600 c.
1247 3563 1309 3620 p.
1359 3552 1453 3603 lll
1505 3587 1519 3600 .
1570 3586 1583 3601 .
1634 3588 1647 3601 .
1716 3547 1835 3600 eine
1888 3545 2200 3600 Einnahme
2256 3557 2361 3602 von
2420 3543 2711 3614 Oechalia,

461 3645 548 3697 die
589 3658 654 3696 er
698 3643 1122 3714 (Callimachus)
1166 3650 1222 3699 in
1267 3647 1439 3700 einem
1496 3647 1744 3702 anderen
1788 3647 2146 3719 Epiyramme
2202 3647 2545 3702 bewundert.
2640 3654 2715 3704 at

599 3824 638 3890 ¹)
676 3826 838 3876 Hanc
865 3826 1380 3891 interpretationem
1397 3827 1647 3878 Naekius
1674 3828 1910 3893 quodam
1936 3828 2093 3879 modo
2117 3829 2359 3894 praeivit
2375 3829 2515 3877 Hec.
2538 3845 2591 3893 p.
2619 3832 2708 3879 13.

596 3927 639 3988 ²)
678 3927 876 3977 Strabo
901 3928 1030 3976 XIV
1055 3945 1107 3992 p.
1133 3929 1256 3978 638:
1297 3920 1517 3993 Σάμιος
1544 3921 1602 3978 δ’
1628 3915 1703 3993 ἦν
1740 3927 1839 3982 καὶ
1865 3923 2223 3994 Κρεώφυλος,
2262 3919 2331 3982 ὅν
2356 3943 2500 3995 φασι
2530 3923 2711 3993 δεξά-

463 4027 636 4075 μενον
683 4009 844 4077 ξενίᾳ
887 4005 1024 4063 ποτὲ
1045 4003 1300 4078 ’Όμηρον
1343 4011 1544 4079 λαβεῖν
1581 4012 1765 4076 δῶρον
1801 4012 1907 4080 τὴν
1944 4007 2276 4079 ἐπιγραφὴν
2311 4014 2415 4066 τοῦ
2448 4006 2706 4080 ποιήμα-

416 4141 436 4148 ,
463 4112 578 4158 τος,
615 4083 646 4144 3
681 4095 954 4147 καλοῦσιν
993 4092 1274 4162 Οἰχαλίας
1311 4088 1541 4150 ἅλωσιν.
1612 4097 1976 4164 Καλλίμαχος
2013 4093 2079 4149 δὲ
2113 4089 2452 4150 τούναντίον
2488 4091 2707 4164 ἐμφαί-

462 4194 549 4229 νει
597 4170 675 4229 δι’
726 4171 1151 4246 ἕπιγράμματός
1201 4198 1386 4248 τινος,
1433 4173 1509 4240 ὥς
1557 4174 1785 4234 ἐκείνου
1838 4177 1945 4246 μὲν
1991 4176 2339 4249 ποιήσαντος
2390 4177 2709 4248 λεγομένου

465 4253 524 4312 δ’
551 4254 802 4328 Ὁμήρου
838 4256 936 4314 διὰ
972 4259 1078 4330 τὴν
1114 4261 1426 4330 λεγομένην
1465 4264 1678 4328 ξενίαν,
1717 4264 1818 4318 τοῦ
1853 4267 2083 4333 Σαμίου
2118 4260 2293 4326 πόνος
2331 4285 2379 4319 e.
2418 4285 2471 4333 q.
2508 4284 2554 4320 s.
