<?xml version="1.0" encoding="UTF-8"?>
<!DOCTYPE html PUBLIC "-//W3C//DTD XHTML 1.0 Transitional//EN"
    "http://www.w3.org/TR/xhtml1/DTD/xhtml1-transitional.dtd">
<html xmlns="http://www.w3.org/1999/xhtml" xml:lang="en" lang="en">
 <head>
  <title>
</title>
<meta http-equiv="Content-Type" content="text/html;charset=utf-8" />
  <meta name='ocr-system' content='tesseract 3.04.00' />
  <meta name='ocr-capabilities' content='ocr_page ocr_carea ocr_par ocr_line ocrx_word'/>
</head>
<body>
  <div class='ocr_page' id='page_1' title='image "./decallimachicyd00ovidgoog_0129.png"; bbox 0 0 2917 4992; ppageno 0'>
   <div class='ocr_carea' id='block_1_1' title="bbox 1045 293 1511 358">
    <p class='ocr_par' dir='ltr' id='par_1_1' title="bbox 1045 293 1511 358">
     <span class='ocr_line' id='line_1_1' title="bbox 1045 293 1511 358; baseline 0 0"><span class='ocrx_word' id='word_1_1' title='bbox 1045 293 1511 358; x_wconf 83' lang='lat'>—113—</span> 
     </span>
    </p>
   </div>
   <div class='ocr_carea' id='block_1_2' title="bbox 187 467 2405 956">
    <p class='ocr_par' dir='ltr' id='par_1_2' title="bbox 187 467 2405 956">
     <span class='ocr_line' id='line_1_2' title="bbox 189 467 2404 550; baseline -0.001 -20"><span class='ocrx_word' id='word_1_2' title='bbox 189 490 287 548; x_wconf 85' lang='lat' dir='ltr'><strong>ego</strong></span> <span class='ocrx_word' id='word_1_3' title='bbox 329 471 606 550; x_wconf 86' lang='lat' dir='ltr'><strong>pandam</strong></span> <span class='ocrx_word' id='word_1_4' title='bbox 649 470 930 550; x_wconf 77' lang='lat' dir='ltr'><strong>lepidum</strong></span> <span class='ocrx_word' id='word_1_5' title='bbox 973 470 1322 543; x_wconf 72' lang='lat' dir='ltr'><strong>artificium,&#39;</strong></span> <span class='ocrx_word' id='word_1_6' title='bbox 1358 489 1478 548; x_wconf 88' lang='lat' dir='ltr'><strong>quo</strong></span> <span class='ocrx_word' id='word_1_7' title='bbox 1526 468 1671 528; x_wconf 90' lang='lat' dir='ltr'><strong>olim</strong></span> <span class='ocrx_word' id='word_1_8' title='bbox 1700 467 1966 528; x_wconf 80' lang='lat' dir='ltr'><strong>Acontio</strong></span> <span class='ocrx_word' id='word_1_9' title='bbox 2011 469 2225 527; x_wconf 88' lang='lat' dir='ltr'><strong>iuveni</strong></span> <span class='ocrx_word' id='word_1_10' title='bbox 2270 468 2404 548; x_wconf 85' lang='lat' dir='ltr'><strong>pul·</strong></span> 
     </span>
     <span class='ocr_line' id='line_1_3' title="bbox 189 571 2403 652; baseline -0.001 -22"><span class='ocrx_word' id='word_1_11' title='bbox 189 572 426 631; x_wconf 82' lang='lat' dir='ltr'><strong>cen-imo</strong></span> <span class='ocrx_word' id='word_1_12' title='bbox 473 571 770 652; x_wconf 82' lang='lat' dir='ltr'><strong>Cydippa</strong></span> <span class='ocrx_word' id='word_1_13' title='bbox 812 573 986 651; x_wconf 81' lang='lat' dir='ltr'><strong>virgo</strong></span> <span class='ocrx_word' id='word_1_14' title='bbox 1042 571 1408 652; x_wconf 86' lang='lat' dir='ltr'><strong>pulcerrima</strong></span> <span class='ocrx_word' id='word_1_15' title='bbox 1452 591 1607 630; x_wconf 88' lang='lat' dir='ltr'><strong>uxor</strong></span> <span class='ocrx_word' id='word_1_16' title='bbox 1652 571 1938 649; x_wconf 88' lang='lat' dir='ltr'><strong>contigit,</strong></span> <span class='ocrx_word' id='word_1_17' title='bbox 1988 590 2059 629; x_wconf 90' lang='lat' dir='ltr'><strong>ac</strong></span> <span class='ocrx_word' id='word_1_18' title='bbox 2103 571 2403 630; x_wconf 90' lang='lat' dir='ltr'><strong>sollemne</strong></span> 
     </span>
     <span class='ocr_line' id='line_1_4' title="bbox 187 671 2405 754; baseline -0.001 -22"><span class='ocrx_word' id='word_1_19' title='bbox 187 673 322 732; x_wconf 90' lang='lat' dir='ltr'><strong>illud</strong></span> <span class='ocrx_word' id='word_1_20' title='bbox 377 694 616 733; x_wconf 88' lang='lat' dir='ltr'><strong>sacrum</strong></span> <span class='ocrx_word' id='word_1_21' title='bbox 669 673 774 732; x_wconf 89' lang='lat' dir='ltr'><strong>vel</strong></span> <span class='ocrx_word' id='word_1_22' title='bbox 833 718 848 732; x_wconf 92' lang='lat'><strong>.</strong></span> <span class='ocrx_word' id='word_1_23' title='bbox 889 717 903 732; x_wconf 92' lang='lat'><strong>.</strong></span> <span class='ocrx_word' id='word_1_24' title='bbox 943 718 957 733; x_wconf 92' lang='lat'><strong>.</strong></span> <span class='ocrx_word' id='word_1_25' title='bbox 999 717 1014 732; x_wconf 90' lang='lat'><strong>.</strong></span> <span class='ocrx_word' id='word_1_26' title='bbox 1075 671 1243 754; x_wconf 88' lang='lat' dir='ltr'><strong>quod</strong></span> <span class='ocrx_word' id='word_1_27' title='bbox 1301 671 1531 732; x_wconf 82' lang='lat' dir='ltr'><strong>abhinc</strong></span> <span class='ocrx_word' id='word_1_28' title='bbox 1596 680 2003 753; x_wconf 82' lang='lat' dir='ltr'><strong>propagatum</strong></span> <span class='ocrx_word' id='word_1_29' title='bbox 2062 673 2209 732; x_wconf 89' lang='lat' dir='ltr'><strong>est.&#39;</strong></span> <span class='ocrx_word' id='word_1_30' title='bbox 2310 671 2405 731; x_wconf 90' lang='lat' dir='ltr'><strong>cui</strong></span> 
     </span>
     <span class='ocr_line' id='line_1_5' title="bbox 189 773 2404 855; baseline -0 -22"><span class='ocrx_word' id='word_1_31' title='bbox 189 776 496 854; x_wconf 81' lang='lat' dir='ltr'><strong>suspitioni</strong></span> <span class='ocrx_word' id='word_1_32' title='bbox 551 773 702 834; x_wconf 87' lang='lat' dir='ltr'><strong>vide</strong></span> <span class='ocrx_word' id='word_1_33' title='bbox 761 795 883 855; x_wconf 91' lang='lat' dir='ltr'><strong>quo</strong></span> <span class='ocrx_word' id='word_1_34' title='bbox 944 782 1126 854; x_wconf 88' lang='lat' dir='ltr'><strong>pacto</strong></span> <span class='ocrx_word' id='word_1_35' title='bbox 1185 775 1475 835; x_wconf 80' lang='lat' dir='ltr'><strong>concinat</strong></span> <span class='ocrx_word' id='word_1_36' title='bbox 1527 775 1815 854; x_wconf 83' lang='lat' dir='ltr'><strong>Properti</strong></span> <span class='ocrx_word' id='word_1_37' title='bbox 1876 774 2195 834; x_wconf 83' lang='lat' dir='ltr'><strong>exordium</strong></span> <span class='ocrx_word' id='word_1_38' title='bbox 2238 773 2404 832; x_wconf 90' lang='lat' dir='ltr'><strong>Iovis</strong></span> 
     </span>
     <span class='ocr_line' id='line_1_6' title="bbox 187 876 1302 956; baseline 0 -21"><span class='ocrx_word' id='word_1_39' title='bbox 187 876 411 936; x_wconf 84' lang='lat' dir='ltr'><strong>Feretri</strong></span> <span class='ocrx_word' id='word_1_40' title='bbox 457 878 668 937; x_wconf 87' lang='lat' dir='ltr'><strong>aetion</strong></span> <span class='ocrx_word' id='word_1_41' title='bbox 713 877 1057 956; x_wconf 87' lang='lat' dir='ltr'><strong>repetentis</strong></span> <span class='ocrx_word' id='word_1_42' title='bbox 1101 877 1162 937; x_wconf 87' lang='lat' dir='ltr'>V</span> <span class='ocrx_word' id='word_1_43' title='bbox 1209 886 1302 938; x_wconf 90' lang='lat'><strong>10:</strong></span> 
     </span>
    </p>
   </div>
   <div class='ocr_carea' id='block_1_3' title="bbox 513 997 1971 1173">
    <p class='ocr_par' dir='ltr' id='par_1_3' title="bbox 513 997 1971 1173">
     <span class='ocr_line' id='line_1_7' title="bbox 513 997 1956 1070; baseline 0.001 -17"><span class='ocrx_word' id='word_1_44' title='bbox 513 997 680 1054; x_wconf 82' lang='lat' dir='ltr'><strong>Nune</strong></span> <span class='ocrx_word' id='word_1_45' title='bbox 721 997 869 1055; x_wconf 83' lang='lat' dir='ltr'><strong>Iovis</strong></span> <span class='ocrx_word' id='word_1_46' title='bbox 910 999 1171 1069; x_wconf 79' lang='lat' dir='ltr'><strong>incipiam</strong></span> <span class='ocrx_word' id='word_1_47' title='bbox 1215 1012 1420 1053; x_wconf 79' lang='lat' dir='ltr'><strong><em>causas</em></strong></span> <span class='ocrx_word' id='word_1_48' title='bbox 1464 1000 1689 1070; x_wconf 80' lang='lat' dir='ltr'><strong>aperire</strong></span> <span class='ocrx_word' id='word_1_49' title='bbox 1732 999 1956 1055; x_wconf 79' lang='lat' dir='ltr'><strong>Feretri</strong></span> 
     </span>
     <span class='ocr_line' id='line_1_8' title="bbox 615 1099 1971 1173; baseline 0.001 -19"><span class='ocrx_word' id='word_1_50' title='bbox 615 1114 884 1172; x_wconf 81' lang='lat' dir='ltr'><strong>armaque</strong></span> <span class='ocrx_word' id='word_1_51' title='bbox 925 1099 995 1154; x_wconf 81' lang='lat' dir='ltr'><strong>de</strong></span> <span class='ocrx_word' id='word_1_52' title='bbox 1037 1099 1268 1155; x_wconf 81' lang='lat' dir='ltr'><strong>ducibus</strong></span> <span class='ocrx_word' id='word_1_53' title='bbox 1314 1101 1466 1154; x_wconf 81' lang='lat' dir='ltr'><strong>trina</strong></span> <span class='ocrx_word' id='word_1_54' title='bbox 1510 1107 1733 1173; x_wconf 81' lang='lat' dir='ltr'><strong>recepta</strong></span> <span class='ocrx_word' id='word_1_55' title='bbox 1776 1099 1971 1156; x_wconf 59' lang='lat' dir='ltr'><strong>tribus·</strong></span> 
     </span>
    </p>
   </div>
   <div class='ocr_carea' id='block_1_4' title="bbox 189 1231 2336 1313">
    <p class='ocr_par' dir='ltr' id='par_1_4' title="bbox 189 1231 2336 1313">
     <span class='ocr_line' id='line_1_9' title="bbox 189 1231 2336 1313; baseline 0 -24"><span class='ocrx_word' id='word_1_56' title='bbox 189 1231 461 1312; x_wconf 86' lang='lat' dir='ltr'><strong>idemque</strong></span> <span class='ocrx_word' id='word_1_57' title='bbox 506 1234 567 1294; x_wconf 87' lang='lat' dir='ltr'>V</span> <span class='ocrx_word' id='word_1_58' title='bbox 609 1243 644 1294; x_wconf 81' lang='lat'>4</span> <span class='ocrx_word' id='word_1_59' title='bbox 685 1233 921 1312; x_wconf 83' lang='lat' dir='ltr'><strong>Tarpei</strong></span> <span class='ocrx_word' id='word_1_60' title='bbox 964 1231 1190 1292; x_wconf 87' lang='lat' dir='ltr'><strong>montis</strong></span> <span class='ocrx_word' id='word_1_61' title='bbox 1237 1251 1580 1310; x_wconf 81' lang='lat' dir='ltr'><strong>cognomen</strong></span> <span class='ocrx_word' id='word_1_62' title='bbox 1629 1233 2041 1313; x_wconf 83' lang='lat' dir='ltr'><strong>explicaturus</strong></span> <span class='ocrx_word' id='word_1_63' title='bbox 2086 1232 2336 1311; x_wconf 87' lang='lat' dir='ltr'><strong>incipit:</strong></span> 
     </span>
    </p>
   </div>
   <div class='ocr_carea' id='block_1_5' title="bbox 527 1353 2047 1528">
    <p class='ocr_par' dir='ltr' id='par_1_5' title="bbox 527 1353 2047 1528">
     <span class='ocr_line' id='line_1_10' title="bbox 527 1353 2047 1426; baseline 0 -17"><span class='ocrx_word' id='word_1_64' title='bbox 527 1353 825 1426; x_wconf 81' lang='lat' dir='ltr'><strong>Tarpeium</strong></span> <span class='ocrx_word' id='word_1_65' title='bbox 869 1368 1060 1410; x_wconf 82' lang='lat' dir='ltr'><strong>nemus</strong></span> <span class='ocrx_word' id='word_1_66' title='bbox 1103 1359 1154 1408; x_wconf 78' lang='lat' dir='ltr'><strong>ec</strong></span> <span class='ocrx_word' id='word_1_67' title='bbox 1203 1353 1479 1425; x_wconf 80' lang='lat' dir='ltr'><strong>Tarpeiae</strong></span> <span class='ocrx_word' id='word_1_68' title='bbox 1525 1357 1691 1426; x_wconf 79' lang='lat' dir='ltr'><strong>turpe</strong></span> <span class='ocrx_word' id='word_1_69' title='bbox 1732 1354 2047 1426; x_wconf 81' lang='lat' dir='ltr'><strong>sepulcrum</strong></span> 
     </span>
     <span class='ocr_line' id='line_1_11' title="bbox 609 1454 1790 1528; baseline -0.002 -18"><span class='ocrx_word' id='word_1_70' title='bbox 609 1455 780 1528; x_wconf 79' lang='lat' dir='ltr'><strong>fabor</strong></span> <span class='ocrx_word' id='word_1_71' title='bbox 824 1460 881 1512; x_wconf 84' lang='lat' dir='ltr'><strong>et</strong></span> <span class='ocrx_word' id='word_1_72' title='bbox 923 1458 1142 1528; x_wconf 79' lang='lat' dir='ltr'><strong>antiqui</strong></span> <span class='ocrx_word' id='word_1_73' title='bbox 1181 1456 1367 1511; x_wconf 83' lang='lat' dir='ltr'><strong>limina</strong></span> <span class='ocrx_word' id='word_1_74' title='bbox 1411 1459 1585 1527; x_wconf 81' lang='lat' dir='ltr'><strong>capta</strong></span> <span class='ocrx_word' id='word_1_75' title='bbox 1629 1454 1790 1511; x_wconf 79' lang='lat' dir='ltr'><strong>Iovis.</strong></span> 
     </span>
    </p>
   </div>
   <div class='ocr_carea' id='block_1_6' title="bbox 183 1587 2410 3922">
    <p class='ocr_par' dir='ltr' id='par_1_6' title="bbox 183 1587 2407 2483">
     <span class='ocr_line' id='line_1_12' title="bbox 185 1587 2407 1670; baseline 0.001 -25"><span class='ocrx_word' id='word_1_76' title='bbox 185 1597 352 1668; x_wconf 86' lang='lat' dir='ltr'><strong>atque</strong></span> <span class='ocrx_word' id='word_1_77' title='bbox 407 1598 702 1669; x_wconf 87' lang='lat' dir='ltr'><strong>apparet,</strong></span> <span class='ocrx_word' id='word_1_78' title='bbox 762 1598 1058 1669; x_wconf 84' lang='lat' dir='ltr'><strong>quantum</strong></span> <span class='ocrx_word' id='word_1_79' title='bbox 1118 1587 1323 1648; x_wconf 89' lang='lat' dir='ltr'><strong>eidem</strong></span> <span class='ocrx_word' id='word_1_80' title='bbox 1380 1589 1642 1648; x_wconf 84' lang='lat' dir='ltr'><strong>faveant</strong></span> <span class='ocrx_word' id='word_1_81' title='bbox 1696 1591 2049 1649; x_wconf 86' lang='lat' dir='ltr'><strong>sententiae</strong></span> <span class='ocrx_word' id='word_1_82' title='bbox 2097 1609 2257 1670; x_wconf 89' lang='lat' dir='ltr'><strong>quae</strong></span> <span class='ocrx_word' id='word_1_83' title='bbox 2304 1588 2407 1648; x_wconf 92' lang='lat' dir='ltr'><strong>ob—</strong></span> 
     </span>
     <span class='ocr_line' id='line_1_13' title="bbox 185 1689 2404 1770; baseline 0.002 -24"><span class='ocrx_word' id='word_1_84' title='bbox 185 1691 544 1752; x_wconf 83' lang='lat' dir='ltr'><strong>servavimus</strong></span> <span class='ocrx_word' id='word_1_85' title='bbox 601 1713 662 1770; x_wconf 89' lang='lat' dir='ltr'><strong>p.</strong></span> <span class='ocrx_word' id='word_1_86' title='bbox 709 1695 797 1752; x_wconf 81' lang='lat'><strong>54.</strong></span> <span class='ocrx_word' id='word_1_87' title='bbox 886 1692 1154 1770; x_wconf 87' lang='lat' dir='ltr'><strong>itaque</strong></span> <span class='ocrx_word' id='word_1_88' title='bbox 1209 1691 1458 1770; x_wconf 87' lang='lat' dir='ltr'><strong>ipsum</strong></span> <span class='ocrx_word' id='word_1_89' title='bbox 1518 1690 1785 1750; x_wconf 90' lang='lat' dir='ltr'><strong>aetion</strong></span> <span class='ocrx_word' id='word_1_90' title='bbox 1841 1692 2114 1770; x_wconf 89' lang='lat' dir='ltr'><strong>procul</strong></span> <span class='ocrx_word' id='word_1_91' title='bbox 2173 1689 2404 1750; x_wconf 90' lang='lat' dir='ltr'><strong>dubio</strong></span> 
     </span>
     <span class='ocr_line' id='line_1_14' title="bbox 185 1791 2407 1872; baseline 0 -23"><span class='ocrx_word' id='word_1_92' title='bbox 185 1810 263 1850; x_wconf 90' lang='lat' dir='ltr'><strong>ex</strong></span> <span class='ocrx_word' id='word_1_93' title='bbox 321 1793 614 1854; x_wconf 91' lang='lat' dir='ltr'><strong>Aconti</strong></span> <span class='ocrx_word' id='word_1_94' title='bbox 676 1794 877 1852; x_wconf 87' lang='lat' dir='ltr'><strong>malo</strong></span> <span class='ocrx_word' id='word_1_95' title='bbox 947 1791 1304 1872; x_wconf 77' lang='lat' dir='ltr'><strong>Cydonio</strong></span> <span class='ocrx_word' id='word_1_96' title='bbox 1373 1792 1694 1872; x_wconf 89' lang='lat' dir='ltr'><strong>quadam</strong></span> <span class='ocrx_word' id='word_1_97' title='bbox 1760 1794 2071 1852; x_wconf 86' lang='lat' dir='ltr'><strong>ratione</strong></span> <span class='ocrx_word' id='word_1_98' title='bbox 2136 1812 2407 1852; x_wconf 89' lang='lat' dir='ltr'><strong>nexum</strong></span> 
     </span>
     <span class='ocr_line' id='line_1_15' title="bbox 184 1892 2405 1974; baseline 0.001 -23"><span class='ocrx_word' id='word_1_99' title='bbox 184 1892 336 1953; x_wconf 83' lang='lat' dir='ltr'><strong>fuit.</strong></span> <span class='ocrx_word' id='word_1_100' title='bbox 429 1903 616 1974; x_wconf 89' lang='lat' dir='ltr'><strong>atque</strong></span> <span class='ocrx_word' id='word_1_101' title='bbox 665 1895 914 1954; x_wconf 91' lang='lat' dir='ltr'><strong>omnino</strong></span> <span class='ocrx_word' id='word_1_102' title='bbox 962 1893 1301 1953; x_wconf 86' lang='lat' dir='ltr'><strong>fabularum</strong></span> <span class='ocrx_word' id='word_1_103' title='bbox 1347 1894 1849 1972; x_wconf 86' lang='lat' dir='ltr'><strong>aetiologicarum</strong></span> <span class='ocrx_word' id='word_1_104' title='bbox 1916 1913 1989 1954; x_wconf 86' lang='lat' dir='ltr'><strong>ea</strong></span> <span class='ocrx_word' id='word_1_105' title='bbox 2045 1895 2205 1954; x_wconf 86' lang='lat' dir='ltr'><strong>solet</strong></span> <span class='ocrx_word' id='word_1_106' title='bbox 2249 1895 2405 1953; x_wconf 90' lang='lat' dir='ltr'><strong>ratio</strong></span> 
     </span>
     <span class='ocr_line' id='line_1_16' title="bbox 185 1995 2407 2076; baseline 0.001 -25"><span class='ocrx_word' id='word_1_107' title='bbox 185 2013 335 2070; x_wconf 85' lang='lat' dir='ltr'><strong>esse,</strong></span> <span class='ocrx_word' id='word_1_108' title='bbox 396 2005 466 2056; x_wconf 88' lang='lat' dir='ltr'><strong>ut</strong></span> <span class='ocrx_word' id='word_1_109' title='bbox 509 1995 589 2054; x_wconf 90' lang='lat' dir='ltr'><strong>ab</strong></span> <span class='ocrx_word' id='word_1_110' title='bbox 632 1997 772 2076; x_wconf 87' lang='lat' dir='ltr'><strong>ipso</strong></span> <span class='ocrx_word' id='word_1_111' title='bbox 815 1995 1109 2055; x_wconf 85' lang='lat' dir='ltr'><strong>historiae</strong></span> <span class='ocrx_word' id='word_1_112' title='bbox 1167 1995 1448 2069; x_wconf 85' lang='lat' dir='ltr'><strong>cardine,</strong></span> <span class='ocrx_word' id='word_1_113' title='bbox 1508 2017 1635 2055; x_wconf 91' lang='lat' dir='ltr'><strong>non</strong></span> <span class='ocrx_word' id='word_1_114' title='bbox 1692 2017 1730 2054; x_wconf 87' lang='lat' dir='ltr'><strong>a</strong></span> <span class='ocrx_word' id='word_1_115' title='bbox 1787 1995 1968 2056; x_wconf 87' lang='lat' dir='ltr'><strong>rebus</strong></span> <span class='ocrx_word' id='word_1_116' title='bbox 2025 1995 2407 2056; x_wconf 84' lang='lat' dir='ltr'><strong>secundariis</strong></span> 
     </span>
     <span class='ocr_line' id='line_1_17' title="bbox 187 2096 2403 2177; baseline 0.002 -25"><span class='ocrx_word' id='word_1_117' title='bbox 187 2105 236 2154; x_wconf 86' lang='lat' dir='ltr'><strong>et</strong></span> <span class='ocrx_word' id='word_1_118' title='bbox 284 2097 654 2157; x_wconf 85' lang='lat' dir='ltr'><strong>adventiciis</strong></span> <span class='ocrx_word' id='word_1_119' title='bbox 728 2099 936 2157; x_wconf 89' lang='lat' dir='ltr'><strong>aetion</strong></span> <span class='ocrx_word' id='word_1_120' title='bbox 1005 2097 1213 2176; x_wconf 89' lang='lat' dir='ltr'><strong>aliquo</strong></span> <span class='ocrx_word' id='word_1_121' title='bbox 1277 2096 1458 2158; x_wconf 88' lang='lat' dir='ltr'><strong>modo</strong></span> <span class='ocrx_word' id='word_1_122' title='bbox 1516 2098 1951 2177; x_wconf 87' lang='lat' dir='ltr'><strong>proficiscatur.</strong></span> <span class='ocrx_word' id='word_1_123' title='bbox 2053 2097 2403 2176; x_wconf 87' lang='lat' dir='ltr'><strong>praesentis</strong></span> 
     </span>
     <span class='ocr_line' id='line_1_18' title="bbox 185 2198 2404 2278; baseline 0.001 -24"><span class='ocrx_word' id='word_1_124' title='bbox 185 2217 312 2258; x_wconf 87' lang='lat' dir='ltr'><strong>vero</strong></span> <span class='ocrx_word' id='word_1_125' title='bbox 379 2198 631 2259; x_wconf 81' lang='lat' dir='ltr'><strong>fabulae</strong></span> <span class='ocrx_word' id='word_1_126' title='bbox 698 2199 956 2258; x_wconf 89' lang='lat' dir='ltr'><strong>evidens</strong></span> <span class='ocrx_word' id='word_1_127' title='bbox 1025 2208 1120 2258; x_wconf 90' lang='lat' dir='ltr'><strong>est</strong></span> <span class='ocrx_word' id='word_1_128' title='bbox 1183 2199 1501 2259; x_wconf 87' lang='lat' dir='ltr'><strong>cardinem</strong></span> <span class='ocrx_word' id='word_1_129' title='bbox 1557 2199 1913 2278; x_wconf 92' lang='lat' dir='ltr'><strong>nodumque</strong></span> <span class='ocrx_word' id='word_1_130' title='bbox 1986 2218 2122 2259; x_wconf 89' lang='lat' dir='ltr'><strong>esse</strong></span> <span class='ocrx_word' id='word_1_131' title='bbox 2180 2199 2404 2258; x_wconf 89' lang='lat' dir='ltr'><strong>malum</strong></span> 
     </span>
     <span class='ocr_line' id='line_1_19' title="bbox 187 2297 2403 2381; baseline 0.001 -24"><span class='ocrx_word' id='word_1_132' title='bbox 187 2297 541 2378; x_wconf 86' lang='lat' dir='ltr'><strong>Cydonium.</strong></span> <span class='ocrx_word' id='word_1_133' title='bbox 631 2320 821 2381; x_wconf 85' lang='lat' dir='ltr'><strong>quare</strong></span> <span class='ocrx_word' id='word_1_134' title='bbox 864 2300 1234 2375; x_wconf 89' lang='lat' dir='ltr'><strong>videndum,</strong></span> <span class='ocrx_word' id='word_1_135' title='bbox 1285 2302 1484 2380; x_wconf 90' lang='lat' dir='ltr'><strong>qualis</strong></span> <span class='ocrx_word' id='word_1_136' title='bbox 1530 2301 1606 2360; x_wconf 87' lang='lat' dir='ltr'><strong>ab</strong></span> <span class='ocrx_word' id='word_1_137' title='bbox 1655 2321 1728 2361; x_wconf 92' lang='lat' dir='ltr'><strong>eo</strong></span> <span class='ocrx_word' id='word_1_138' title='bbox 1786 2301 1955 2379; x_wconf 86' lang='lat' dir='ltr'><strong>origo</strong></span> <span class='ocrx_word' id='word_1_139' title='bbox 2014 2320 2149 2360; x_wconf 89' lang='lat' dir='ltr'><strong>cum</strong></span> <span class='ocrx_word' id='word_1_140' title='bbox 2194 2321 2272 2360; x_wconf 92' lang='lat' dir='ltr'><strong>ex</strong></span> <span class='ocrx_word' id='word_1_141' title='bbox 2316 2301 2403 2359; x_wconf 87' lang='lat' dir='ltr'><strong>fa-</strong></span> 
     </span>
     <span class='ocr_line' id='line_1_20' title="bbox 183 2398 1851 2483; baseline 0.002 -25"><span class='ocrx_word' id='word_1_142' title='bbox 183 2398 345 2462; x_wconf 87' lang='lat' dir='ltr'><strong>bulae</strong></span> <span class='ocrx_word' id='word_1_143' title='bbox 389 2404 634 2462; x_wconf 86' lang='lat' dir='ltr'><strong>ratione</strong></span> <span class='ocrx_word' id='word_1_144' title='bbox 678 2411 805 2462; x_wconf 90' lang='lat' dir='ltr'><strong>tum</strong></span> <span class='ocrx_word' id='word_1_145' title='bbox 851 2421 932 2462; x_wconf 87' lang='lat' dir='ltr'><strong>ex</strong></span> <span class='ocrx_word' id='word_1_146' title='bbox 973 2403 1065 2461; x_wconf 86' lang='lat' dir='ltr'><strong>rei</strong></span> <span class='ocrx_word' id='word_1_147' title='bbox 1109 2410 1331 2463; x_wconf 87' lang='lat' dir='ltr'><strong>natura</strong></span> <span class='ocrx_word' id='word_1_148' title='bbox 1377 2403 1517 2462; x_wconf 89' lang='lat' dir='ltr'><strong>duci</strong></span> <span class='ocrx_word' id='word_1_149' title='bbox 1560 2402 1851 2483; x_wconf 84' lang='lat' dir='ltr'><strong>potuerit.</strong></span> 
     </span>
    </p>

    <p class='ocr_par' dir='ltr' id='par_1_7' title="bbox 183 2505 2410 3702">
     <span class='ocr_line' id='line_1_21' title="bbox 330 2505 2405 2585; baseline -0 -21"><span class='ocrx_word' id='word_1_150' title='bbox 330 2505 519 2564; x_wconf 82' lang='lat' dir='ltr'><strong>Felix</strong></span> <span class='ocrx_word' id='word_1_151' title='bbox 590 2505 736 2565; x_wconf 90' lang='lat' dir='ltr'><strong>mali</strong></span> <span class='ocrx_word' id='word_1_152' title='bbox 809 2505 1126 2564; x_wconf 86' lang='lat' dir='ltr'><strong>artificium</strong></span> <span class='ocrx_word' id='word_1_153' title='bbox 1199 2525 1320 2585; x_wconf 93' lang='lat' dir='ltr'><strong>quo</strong></span> <span class='ocrx_word' id='word_1_154' title='bbox 1386 2525 1619 2565; x_wconf 86' lang='lat' dir='ltr'><strong>summa</strong></span> <span class='ocrx_word' id='word_1_155' title='bbox 1677 2505 1856 2565; x_wconf 88' lang='lat' dir='ltr'><strong>huius</strong></span> <span class='ocrx_word' id='word_1_156' title='bbox 1936 2505 2185 2564; x_wconf 88' lang='lat' dir='ltr'><strong>fabulae</strong></span> <span class='ocrx_word' id='word_1_157' title='bbox 2262 2524 2405 2564; x_wconf 90' lang='lat' dir='ltr'><strong>con-</strong></span> 
     </span>
     <span class='ocr_line' id='line_1_22' title="bbox 183 2604 2407 2684; baseline 0.002 -24"><span class='ocrx_word' id='word_1_158' title='bbox 183 2604 400 2665; x_wconf 86' lang='lat' dir='ltr'><strong>tinetur</strong></span> <span class='ocrx_word' id='word_1_159' title='bbox 458 2626 586 2665; x_wconf 90' lang='lat' dir='ltr'><strong>non</strong></span> <span class='ocrx_word' id='word_1_160' title='bbox 646 2607 769 2665; x_wconf 87' lang='lat' dir='ltr'><strong>nisi</strong></span> <span class='ocrx_word' id='word_1_161' title='bbox 825 2625 897 2665; x_wconf 89' lang='lat' dir='ltr'><strong>eo</strong></span> <span class='ocrx_word' id='word_1_162' title='bbox 953 2604 1193 2678; x_wconf 89' lang='lat' dir='ltr'><strong>redire,</strong></span> <span class='ocrx_word' id='word_1_163' title='bbox 1270 2605 1438 2684; x_wconf 90' lang='lat' dir='ltr'><strong>quod</strong></span> <span class='ocrx_word' id='word_1_164' title='bbox 1505 2606 1730 2665; x_wconf 90' lang='lat' dir='ltr'><strong>malum</strong></span> <span class='ocrx_word' id='word_1_165' title='bbox 1802 2606 2113 2664; x_wconf 89' lang='lat' dir='ltr'><strong>veteribus</strong></span> <span class='ocrx_word' id='word_1_166' title='bbox 2168 2605 2407 2684; x_wconf 88' lang='lat' dir='ltr'><strong>symbo-</strong></span> 
     </span>
     <span class='ocr_line' id='line_1_23' title="bbox 185 2703 2409 2787; baseline 0.002 -25"><span class='ocrx_word' id='word_1_167' title='bbox 185 2703 292 2764; x_wconf 89' lang='lat' dir='ltr'><strong>lum</strong></span> <span class='ocrx_word' id='word_1_168' title='bbox 346 2707 536 2766; x_wconf 88' lang='lat' dir='ltr'><strong>fuerit</strong></span> <span class='ocrx_word' id='word_1_169' title='bbox 595 2708 916 2781; x_wconf 91' lang='lat' dir='ltr'><strong>eroticum,</strong></span> <span class='ocrx_word' id='word_1_170' title='bbox 984 2709 1297 2767; x_wconf 90' lang='lat' dir='ltr'><strong>neminem</strong></span> <span class='ocrx_word' id='word_1_171' title='bbox 1353 2707 1569 2785; x_wconf 86' lang='lat' dir='ltr'><strong>fugere</strong></span> <span class='ocrx_word' id='word_1_172' title='bbox 1636 2715 1861 2786; x_wconf 88' lang='lat' dir='ltr'><strong>potest.</strong></span> <span class='ocrx_word' id='word_1_173' title='bbox 1954 2714 2015 2766; x_wconf 91' lang='lat' dir='ltr'><strong>et</strong></span> <span class='ocrx_word' id='word_1_174' title='bbox 2070 2708 2409 2787; x_wconf 89' lang='lat' dir='ltr'><strong>composuit</strong></span> 
     </span>
     <span class='ocr_line' id='line_1_24' title="bbox 184 2805 2407 2890; baseline 0.003 -26"><span class='ocrx_word' id='word_1_175' title='bbox 184 2805 560 2887; x_wconf 85' lang='lat' dir='ltr'><strong>Boettigerus</strong></span> <span class='ocrx_word' id='word_1_176' title='bbox 603 2809 1008 2890; x_wconf 85' lang='lat' dir='ltr'><strong>Kunstmyth.</strong></span> <span class='ocrx_word' id='word_1_177' title='bbox 1055 2810 1124 2868; x_wconf 89' lang='grc' dir='ltr'><strong>ΙΙ</strong></span> <span class='ocrx_word' id='word_1_178' title='bbox 1167 2831 1230 2888; x_wconf 90' lang='lat' dir='ltr'><strong>p.</strong></span> <span class='ocrx_word' id='word_1_179' title='bbox 1257 2817 1354 2870; x_wconf 80' lang='lat'><strong>251</strong></span> <span class='ocrx_word' id='word_1_180' title='bbox 1402 2808 1647 2868; x_wconf 87' lang='lat' dir='ltr'><strong>Paridis</strong></span> <span class='ocrx_word' id='word_1_181' title='bbox 1691 2807 2026 2868; x_wconf 88' lang='lat' dir='ltr'><strong>Atalantae</strong></span> <span class='ocrx_word' id='word_1_182' title='bbox 2075 2808 2407 2889; x_wconf 81' lang='lat' dir='ltr'><strong>Cydippae</strong></span> 
     </span>
     <span class='ocr_line' id='line_1_25' title="bbox 184 2909 2406 2993; baseline 0.001 -25"><span class='ocrx_word' id='word_1_183' title='bbox 184 2912 344 2971; x_wconf 89' lang='lat' dir='ltr'><strong>mala.</strong></span> <span class='ocrx_word' id='word_1_184' title='bbox 407 2931 620 2972; x_wconf 86' lang='lat' dir='ltr'><strong>verum</strong></span> <span class='ocrx_word' id='word_1_185' title='bbox 665 2912 787 2971; x_wconf 85' lang='lat' dir='ltr'><strong>alia</strong></span> <span class='ocrx_word' id='word_1_186' title='bbox 831 2912 982 2971; x_wconf 89' lang='lat' dir='ltr'><strong>latet</strong></span> <span class='ocrx_word' id='word_1_187' title='bbox 1023 2909 1234 2970; x_wconf 82' lang='lat' dir='ltr'><strong>fabula</strong></span> <span class='ocrx_word' id='word_1_188' title='bbox 1279 2911 1446 2990; x_wconf 89' lang='lat' dir='ltr'><strong>pomi</strong></span> <span class='ocrx_word' id='word_1_189' title='bbox 1492 2931 1606 2970; x_wconf 88' lang='lat' dir='ltr'><strong>usu</strong></span> <span class='ocrx_word' id='word_1_190' title='bbox 1651 2912 1967 2993; x_wconf 87' lang='lat' dir='ltr'><strong>praesenti</strong></span> <span class='ocrx_word' id='word_1_191' title='bbox 2010 2913 2193 2971; x_wconf 88' lang='lat' dir='ltr'><strong>etiam</strong></span> <span class='ocrx_word' id='word_1_192' title='bbox 2243 2912 2406 2971; x_wconf 88' lang='lat' dir='ltr'><strong>simi·</strong></span> 
     </span>
     <span class='ocr_line' id='line_1_26' title="bbox 185 3007 2410 3093; baseline 0.001 -25"><span class='ocrx_word' id='word_1_193' title='bbox 185 3007 301 3072; x_wconf 88' lang='lat' dir='ltr'><strong>lior.</strong></span> <span class='ocrx_word' id='word_1_194' title='bbox 345 3033 616 3093; x_wconf 88' lang='lat' dir='ltr'><strong>namque</strong></span> <span class='ocrx_word' id='word_1_195' title='bbox 649 3013 960 3074; x_wconf 87' lang='lat' dir='ltr'><strong>Hesiodus</strong></span> <span class='ocrx_word' id='word_1_196' title='bbox 993 3013 1058 3072; x_wconf 91' lang='lat' dir='ltr'><strong>in</strong></span> <span class='ocrx_word' id='word_1_197' title='bbox 1091 3012 1373 3091; x_wconf 85' lang='lat' dir='ltr'><strong>catalogo</strong></span> <span class='ocrx_word' id='word_1_198' title='bbox 1407 3022 1767 3072; x_wconf 84' lang='lat' dir='ltr'><strong>narraverat</strong></span> <span class='ocrx_word' id='word_1_199' title='bbox 1796 3014 1987 3072; x_wconf 86' lang='lat' dir='ltr'><strong>haece</strong></span> <span class='ocrx_word' id='word_1_200' title='bbox 2020 3013 2238 3092; x_wconf 86' lang='lat' dir='ltr'><strong>(schol.</strong></span> <span class='ocrx_word' id='word_1_201' title='bbox 2262 3014 2338 3074; x_wconf 92' lang='lat' dir='ltr'><strong>Il.</strong></span> <span class='ocrx_word' id='word_1_202' title='bbox 2361 3015 2410 3071; x_wconf 95' lang='lat' dir='ltr'><strong>Z</strong></span> 
     </span>
     <span class='ocr_line' id='line_1_27' title="bbox 185 3112 2408 3194; baseline 0 -22"><span class='ocrx_word' id='word_1_203' title='bbox 185 3119 256 3185; x_wconf 82' lang='lat'><strong>35,</strong></span> <span class='ocrx_word' id='word_1_204' title='bbox 286 3116 442 3175; x_wconf 79' lang='lat' dir='ltr'><strong>Hes,</strong></span> <span class='ocrx_word' id='word_1_205' title='bbox 475 3115 592 3194; x_wconf 82' lang='lat' dir='ltr'><strong>frg.</strong></span> <span class='ocrx_word' id='word_1_206' title='bbox 624 3123 690 3178; x_wconf 81' lang='lat'><strong>97</strong></span> <span class='ocrx_word' id='word_1_207' title='bbox 721 3114 1088 3188; x_wconf 67' lang='lat' dir='ltr'><strong>Marcksch„</strong></span> <span class='ocrx_word' id='word_1_208' title='bbox 1121 3122 1188 3176; x_wconf 82' lang='lat'><strong>75</strong></span> <span class='ocrx_word' id='word_1_209' title='bbox 1222 3112 1506 3192; x_wconf 85' lang='lat' dir='ltr'><strong>Goettl.).</strong></span> <span class='ocrx_word' id='word_1_210' title='bbox 1560 3114 1835 3173; x_wconf 89' lang='lat' dir='ltr'><strong>Achilles</strong></span> <span class='ocrx_word' id='word_1_211' title='bbox 1873 3134 2007 3173; x_wconf 90' lang='lat' dir='ltr'><strong>cum</strong></span> <span class='ocrx_word' id='word_1_212' title='bbox 2035 3114 2218 3176; x_wconf 87' lang='lat' dir='ltr'><strong>urbes</strong></span> <span class='ocrx_word' id='word_1_213' title='bbox 2248 3115 2408 3173; x_wconf 85' lang='lat' dir='ltr'><strong>circa</strong></span> 
     </span>
     <span class='ocr_line' id='line_1_28' title="bbox 187 3211 2405 3295; baseline 0.002 -25"><span class='ocrx_word' id='word_1_214' title='bbox 187 3211 420 3275; x_wconf 82' lang='lat' dir='ltr'><strong>Troiam</strong></span> <span class='ocrx_word' id='word_1_215' title='bbox 455 3216 731 3275; x_wconf 85' lang='lat' dir='ltr'><strong>iacentes</strong></span> <span class='ocrx_word' id='word_1_216' title='bbox 764 3223 1040 3276; x_wconf 87' lang='lat' dir='ltr'><strong>vastaret</strong></span> <span class='ocrx_word' id='word_1_217' title='bbox 1077 3216 1262 3274; x_wconf 86' lang='lat' dir='ltr'><strong>etiam</strong></span> <span class='ocrx_word' id='word_1_218' title='bbox 1281 3216 1597 3275; x_wconf 88' lang='lat' dir='ltr'><strong>Moneiam</strong></span> <span class='ocrx_word' id='word_1_219' title='bbox 1632 3215 1765 3274; x_wconf 86' lang='lat' dir='ltr'><strong>sive</strong></span> <span class='ocrx_word' id='word_1_220' title='bbox 1794 3214 2154 3274; x_wconf 88' lang='lat' dir='ltr'><strong>Moneniam</strong></span> <span class='ocrx_word' id='word_1_221' title='bbox 2183 3224 2405 3295; x_wconf 86' lang='lat' dir='ltr'><strong>postea</strong></span> 
     </span>
     <span class='ocr_line' id='line_1_29' title="bbox 185 3313 2408 3390; baseline 0.001 -18"><span class='ocrx_word' id='word_1_222' title='bbox 185 3313 479 3378; x_wconf 86' lang='lat' dir='ltr'><strong>Pedasum</strong></span> <span class='ocrx_word' id='word_1_223' title='bbox 511 3318 1065 3377; x_wconf 85' lang='lat' dir='ltr'><strong>transnominatam</strong></span> <span class='ocrx_word' id='word_1_224' title='bbox 1105 3316 1383 3376; x_wconf 87' lang='lat' dir='ltr'><strong>obsessit.</strong></span> <span class='ocrx_word' id='word_1_225' title='bbox 1442 3323 1505 3375; x_wconf 91' lang='lat' dir='ltr'><strong>et</strong></span> <span class='ocrx_word' id='word_1_226' title='bbox 1547 3336 1683 3376; x_wconf 90' lang='lat' dir='ltr'><strong>cum</strong></span> <span class='ocrx_word' id='word_1_227' title='bbox 1724 3315 1789 3373; x_wconf 91' lang='lat' dir='ltr'><strong>in</strong></span> <span class='ocrx_word' id='word_1_228' title='bbox 1834 3337 1906 3374; x_wconf 86' lang='lat' dir='ltr'><strong>eo</strong></span> <span class='ocrx_word' id='word_1_229' title='bbox 1949 3315 2069 3374; x_wconf 86' lang='lat' dir='ltr'><strong>iam</strong></span> <span class='ocrx_word' id='word_1_230' title='bbox 2111 3325 2291 3390; x_wconf 89' lang='lat' dir='ltr'><strong>esset,</strong></span> <span class='ocrx_word' id='word_1_231' title='bbox 2337 3323 2408 3375; x_wconf 89' lang='lat' dir='ltr'><strong>ut</strong></span> 
     </span>
     <span class='ocr_line' id='line_1_30' title="bbox 187 3417 2408 3499; baseline 0.002 -26"><span class='ocrx_word' id='word_1_232' title='bbox 187 3417 332 3479; x_wconf 88' lang='lat' dir='ltr'><strong>urbis</strong></span> <span class='ocrx_word' id='word_1_233' title='bbox 383 3420 615 3499; x_wconf 89' lang='lat' dir='ltr'><strong>optime</strong></span> <span class='ocrx_word' id='word_1_234' title='bbox 663 3419 1067 3479; x_wconf 88' lang='lat' dir='ltr'><strong>communitae</strong></span> <span class='ocrx_word' id='word_1_235' title='bbox 1114 3419 1643 3498; x_wconf 86' lang='lat' dir='ltr'><strong>oppugnationem</strong></span> <span class='ocrx_word' id='word_1_236' title='bbox 1689 3417 2051 3491; x_wconf 87' lang='lat' dir='ltr'><strong>dimitteret,</strong></span> <span class='ocrx_word' id='word_1_237' title='bbox 2102 3417 2408 3497; x_wconf 87' lang='lat' dir='ltr'><strong>quaedam</strong></span> 
     </span>
     <span class='ocr_line' id='line_1_31' title="bbox 189 3519 2410 3602; baseline 0.003 -28"><span class='ocrx_word' id='word_1_238' title='bbox 189 3536 252 3578; x_wconf 85' lang='lat' dir='ltr'><strong>ex</strong></span> <span class='ocrx_word' id='word_1_239' title='bbox 278 3520 615 3602; x_wconf 88' lang='lat' dir='ltr'><strong>oppidanis</strong></span> <span class='ocrx_word' id='word_1_240' title='bbox 645 3523 821 3600; x_wconf 87' lang='lat' dir='ltr'><strong>virgo</strong></span> <span class='ocrx_word' id='word_1_241' title='bbox 854 3530 1182 3601; x_wconf 88' lang='lat' dir='ltr'><strong>postquam</strong></span> <span class='ocrx_word' id='word_1_242' title='bbox 1209 3520 1517 3581; x_wconf 88' lang='lat' dir='ltr'><strong>Achillem</strong></span> <span class='ocrx_word' id='word_1_243' title='bbox 1564 3519 1643 3580; x_wconf 89' lang='lat' dir='ltr'><strong>de</strong></span> <span class='ocrx_word' id='word_1_244' title='bbox 1680 3520 1865 3580; x_wconf 88' lang='lat' dir='ltr'><strong>muris</strong></span> <span class='ocrx_word' id='word_1_245' title='bbox 1913 3521 2271 3599; x_wconf 89' lang='lat' dir='ltr'><strong>conspicata</strong></span> <span class='ocrx_word' id='word_1_246' title='bbox 2316 3530 2410 3580; x_wconf 90' lang='lat' dir='ltr'><strong>est</strong></span> 
     </span>
     <span class='ocr_line' id='line_1_32' title="bbox 188 3622 2407 3702; baseline -0.001 -22"><span class='ocrx_word' id='word_1_247' title='bbox 188 3638 374 3682; x_wconf 82' lang='lat' dir='ltr'><strong>amore</strong></span> <span class='ocrx_word' id='word_1_248' title='bbox 423 3631 700 3702; x_wconf 85' lang='lat' dir='ltr'><strong>correpta</strong></span> <span class='ocrx_word' id='word_1_249' title='bbox 743 3643 989 3702; x_wconf 92' lang='lat' dir='ltr'><strong>pomum</strong></span> <span class='ocrx_word' id='word_1_250' title='bbox 1018 3622 1269 3700; x_wconf 86' lang='lat' dir='ltr'><strong>Argivis</strong></span> <span class='ocrx_word' id='word_1_251' title='bbox 1318 3622 1582 3697; x_wconf 86' lang='lat' dir='ltr'><strong>demisit,</strong></span> <span class='ocrx_word' id='word_1_252' title='bbox 1628 3623 1694 3681; x_wconf 90' lang='lat' dir='ltr'><strong>in</strong></span> <span class='ocrx_word' id='word_1_253' title='bbox 1742 3642 1862 3702; x_wconf 92' lang='lat' dir='ltr'><strong>quo</strong></span> <span class='ocrx_word' id='word_1_254' title='bbox 1908 3623 2198 3701; x_wconf 89' lang='lat' dir='ltr'><strong>scriptum</strong></span> <span class='ocrx_word' id='word_1_255' title='bbox 2244 3629 2407 3679; x_wconf 88' lang='lat' dir='ltr'><strong>erat:</strong></span> 
     </span>
    </p>

    <p class='ocr_par' dir='ltr' id='par_1_8' title="bbox 558 3730 2017 3922">
     <span class='ocr_line' id='line_1_33' title="bbox 558 3730 2017 3822; baseline -0.001 -23"><span class='ocrx_word' id='word_1_256' title='bbox 558 3730 640 3818; x_wconf 72' lang='grc' dir='ltr'><strong>μὴ</strong></span> <span class='ocrx_word' id='word_1_257' title='bbox 685 3731 917 3816; x_wconf 81' lang='grc' dir='ltr'>σπεῦδ’,</span> <span class='ocrx_word' id='word_1_258' title='bbox 953 3730 1240 3818; x_wconf 80' lang='grc' dir='ltr'><strong>Ἀχιλλεῦ,</strong></span> <span class='ocrx_word' id='word_1_259' title='bbox 1285 3737 1430 3818; x_wconf 80' lang='grc' dir='ltr'><strong><em>πρὶν</em></strong></span> <span class='ocrx_word' id='word_1_260' title='bbox 1475 3739 1805 3816; x_wconf 83' lang='grc' dir='ltr'><strong><em>Μονηνίαν</em></strong></span> <span class='ocrx_word' id='word_1_261' title='bbox 1850 3736 2017 3822; x_wconf 77' lang='grc' dir='ltr'><em>ἕλῃς·</em></span> 
     </span>
     <span class='ocr_line' id='line_1_34' title="bbox 558 3830 1851 3922; baseline -0.002 -20"><span class='ocrx_word' id='word_1_262' title='bbox 558 3834 720 3922; x_wconf 68' lang='grc' dir='ltr'><strong>ὕδωρ</strong></span> <span class='ocrx_word' id='word_1_263' title='bbox 764 3830 876 3921; x_wconf 70' lang='grc' dir='ltr'><strong>γὰρ</strong></span> <span class='ocrx_word' id='word_1_264' title='bbox 921 3831 1032 3901; x_wconf 76' lang='grc' dir='ltr'><strong>οὐκ</strong></span> <span class='ocrx_word' id='word_1_265' title='bbox 1079 3839 1286 3916; x_wconf 75' lang='grc' dir='ltr'><strong><em>ἔνεστι,</em></strong></span> <span class='ocrx_word' id='word_1_266' title='bbox 1331 3840 1591 3918; x_wconf 81' lang='grc' dir='ltr'><strong><em>διψῶσιν</em></strong></span> <span class='ocrx_word' id='word_1_267' title='bbox 1635 3842 1851 3911; x_wconf 80' lang='grc' dir='ltr'><strong><em>κακῶς.</em></strong></span> 
     </span>
    </p>
   </div>
   <div class='ocr_carea' id='block_1_7' title="bbox 192 3958 2403 4042">
    <p class='ocr_par' dir='ltr' id='par_1_9' title="bbox 192 3958 2403 4042">
     <span class='ocr_line' id='line_1_35' title="bbox 192 3958 2403 4042; baseline 0.001 -23"><span class='ocrx_word' id='word_1_268' title='bbox 192 3963 392 4039; x_wconf 87' lang='lat' dir='ltr'><strong>quibus</strong></span> <span class='ocrx_word' id='word_1_269' title='bbox 438 3963 615 4022; x_wconf 88' lang='lat' dir='ltr'><strong>lectis</strong></span> <span class='ocrx_word' id='word_1_270' title='bbox 662 3963 784 4022; x_wconf 88' lang='lat' dir='ltr'><strong>iam</strong></span> <span class='ocrx_word' id='word_1_271' title='bbox 841 3963 1184 4042; x_wconf 87' lang='lat' dir='ltr'><strong>permansit</strong></span> <span class='ocrx_word' id='word_1_272' title='bbox 1227 3960 1506 4020; x_wconf 88' lang='lat' dir='ltr'><strong>Achilles</strong></span> <span class='ocrx_word' id='word_1_273' title='bbox 1551 3960 1889 4041; x_wconf 89' lang='lat' dir='ltr'><strong>urbemque</strong></span> <span class='ocrx_word' id='word_1_274' title='bbox 1936 3960 2335 4042; x_wconf 84' lang='lat' dir='ltr'><strong>expugnavit.</strong></span> <span class='ocrx_word' id='word_1_275' title='bbox 2356 3958 2403 4039; x_wconf 92' lang='lat'><strong>¹)</strong></span> 
     </span>
    </p>
   </div>
   <div class='ocr_carea' id='block_1_8' title="bbox 188 4096 576 4110">
    <p class='ocr_par' dir='ltr' id='par_1_10' title="bbox 188 4096 576 4110">
     <span class='ocr_line' id='line_1_36' title="bbox 188 4096 576 4110; baseline 0 882"><span class='ocrx_word' id='word_1_276' title='bbox 188 4096 576 4110; x_wconf 95' lang='lat' dir='ltr'><strong> </strong></span> 
     </span>
    </p>
   </div>
   <div class='ocr_carea' id='block_1_9' title="bbox 192 4162 2409 4400">
    <p class='ocr_par' dir='ltr' id='par_1_11' title="bbox 192 4162 2409 4400">
     <span class='ocr_line' id='line_1_37' title="bbox 305 4162 2409 4232; baseline -0 -18"><span class='ocrx_word' id='word_1_277' title='bbox 305 4163 350 4232; x_wconf 87' lang='lat'><strong>¹)</strong></span> <span class='ocrx_word' id='word_1_278' title='bbox 411 4165 554 4214; x_wconf 83' lang='lat' dir='ltr'><strong>Eam</strong></span> <span class='ocrx_word' id='word_1_279' title='bbox 602 4165 852 4215; x_wconf 81' lang='lat' dir='ltr'><strong>fabulam</strong></span> <span class='ocrx_word' id='word_1_280' title='bbox 911 4165 1148 4216; x_wconf 88' lang='lat' dir='ltr'><strong>nondum</strong></span> <span class='ocrx_word' id='word_1_281' title='bbox 1210 4162 1720 4216; x_wconf 84' lang='lat' dir='ltr'><strong>animadverterunt</strong></span> <span class='ocrx_word' id='word_1_282' title='bbox 1768 4181 1800 4214; x_wconf 86' lang='lat' dir='ltr'><strong>a</strong></span> <span class='ocrx_word' id='word_1_283' title='bbox 1847 4162 2185 4213; x_wconf 87' lang='lat' dir='ltr'><strong>Philostrato</strong></span> <span class='ocrx_word' id='word_1_284' title='bbox 2247 4165 2409 4230; x_wconf 84' lang='lat' dir='ltr'><strong>tangi</strong></span> 
     </span>
     <span class='ocr_line' id='line_1_38' title="bbox 192 4239 2407 4316; baseline 0.002 -21"><span class='ocrx_word' id='word_1_285' title='bbox 192 4247 332 4311; x_wconf 87' lang='lat' dir='ltr'><strong>epist.</strong></span> <span class='ocrx_word' id='word_1_286' title='bbox 373 4251 439 4300; x_wconf 85' lang='grc'><strong>62</strong></span> <span class='ocrx_word' id='word_1_287' title='bbox 476 4250 643 4315; x_wconf 76' lang='lat' dir='ltr'><strong>Kays.</strong></span> <span class='ocrx_word' id='word_1_288' title='bbox 691 4242 762 4300; x_wconf 74' lang='grc' dir='ltr'><strong>τὰ</strong></span> <span class='ocrx_word' id='word_1_289' title='bbox 815 4244 880 4302; x_wconf 72' lang='grc' dir='ltr'><strong>δὲ</strong></span> <span class='ocrx_word' id='word_1_290' title='bbox 927 4239 1069 4302; x_wconf 78' lang='grc' dir='ltr'><strong><em>ἄλλα</em></strong></span> <span class='ocrx_word' id='word_1_291' title='bbox 1118 4249 1215 4302; x_wconf 82' lang='grc' dir='ltr'><strong>καὶ</strong></span> <span class='ocrx_word' id='word_1_292' title='bbox 1254 4242 1517 4316; x_wconf 75' lang='grc' dir='ltr'><strong><em>ἐπιστολῇ</em></strong></span> <span class='ocrx_word' id='word_1_293' title='bbox 1556 4247 1632 4314; x_wconf 77' lang='grc' dir='ltr'><strong>τῷ</strong></span> <span class='ocrx_word' id='word_1_294' title='bbox 1665 4241 1823 4316; x_wconf 77' lang='grc' dir='ltr'><em>μήλῳ</em></span> <span class='ocrx_word' id='word_1_295' title='bbox 1859 4241 2161 4316; x_wconf 76' lang='grc' dir='ltr'><strong><em>κέχρημαι·</em></strong></span> <span class='ocrx_word' id='word_1_296' title='bbox 2220 4240 2407 4300; x_wconf 76' lang='grc' dir='ltr'><strong><em>ἐκεῖνο</em></strong></span> 
     </span>
     <span class='ocr_line' id='line_1_39' title="bbox 275 4332 2001 4400; baseline 0.007 -16"><span class='ocrx_word' id='word_1_297' title='bbox 275 4351 553 4400; x_wconf 61' lang='lat' dir='ltr'><strong>maram,</strong></span> <span class='ocrx_word' id='word_1_298' title='bbox 593 4351 822 4386; x_wconf 58' lang='lat' dir='ltr'><strong>cumn.</strong></span> <span class='ocrx_word' id='word_1_299' title='bbox 1963 4332 2001 4396; x_wconf 86' lang='grc'>8</span> 
     </span>
    </p>
   </div>
  </div>
 </body>
</html>
