2917 4992
1360 298 1781 362 —40-

457 496 520 554 p.
578 483 666 538 66.
724 475 1212 554 interpretantur
1267 481 1473 533 autem
1530 468 1783 551 vulgo¹)
1840 471 2008 532 haud
2064 473 2553 553 improbabiliter
2614 475 2703 534 de

453 577 702 636 Helena
745 583 1091 656 praeeunte
1135 574 1396 634 Lehrsio
1442 574 1484 633 l.
1522 594 1572 636 c.
1620 581 1807 654 atque
1850 574 2154 654 probante
2200 595 2364 634 nunc
2406 576 2699 636 Nauckio

337 703 342 708 ·
452 678 666 758 Eurip.
715 676 978 738 Studien
1022 677 1094 736 II
1134 696 1197 755 Ρ.
1245 686 1374 750 159,
1439 676 1543 756 qui
1599 685 1861 755 perapte
1915 677 2169 737 contulit
2211 697 2423 736 versus
2467 678 2699 756 Eurip.

453 776 685 838 Troad.
731 785 837 841 940
879 798 1018 858 sqq.
1064 778 1152 836 ita
1197 797 1234 835 a
1277 797 1344 838 se
1391 777 1661 838 refictos:

709 863 851 955 ἦλθ’
902 871 1035 956 οὐχὶ
1077 869 1300 956 μικρὰν
1342 866 1491 937 θεὸν
1536 875 1684 955 ἔχων
1729 865 1918 938 αὑτοῦ
1959 874 2101 955 με’τα

706 969 739 1039 ὃ
783 976 959 1058 τῆσδὲ
1001 971 1235 1063 λῃστής,
1283 969 1393 1038 εἴτ’
1435 967 1823 1059 Ἀλέξανδρον
1866 976 2069 1053 θέλεις

706 1073 952 1159 ὀνόματι
997 1085 1373 1162 προσφωνεῖν
1417 1103 1517 1142 νιν
1560 1074 1672 1141 εἴτ’
1718 1069 2031 1163 ἀλάστορα.

457 1202 616 1263 eque
658 1183 754 1244 his
801 1184 1089 1264 conlegit,
1139 1184 1581 1246 Callimachum
1625 1186 1834 1245 forsan
1878 1185 2225 1264 scripsisse:

1856 1279 1984 1344 εἴθ’
2024 1278 2266 1360 Ἑλένην
2311 1274 2385 1360 δὴ

1028 1383 1146 1446 εἴτε
1188 1409 1293 1464 μιν
1331 1377 1611 1465 Ἀργείων
1654 1376 1766 1465 χρὴ
1805 1383 2038 1447 καλέειν
2074 1377 2284 1462 ἆοὶτην.

455 1512 519 1563 at
573 1505 638 1563 in
687 1507 894 1584 priore
952 1504 1219 1566 membro
1279 1507 1528 1566 videtur
1582 1506 1818 1586 aliquid
1872 1505 2249 1568 reconditius
2296 1526 2368 1564 ac
2410 1505 2705 1566 subtilius

454 1606 673 1680 fuisse,
735 1607 830 1666 cui
884 1594 1038 1682 ἆᾶτη
1093 1608 1373 1668 similiter
1431 1617 1853 1688 opponeretur
1908 1616 2095 1688 atque
2148 1607 2278 1666 illic
2312 1597 2707 1680 Ἀλέξανδρος

451 1695 749 1786 ἀλάστορι.
836 1729 979 1767 nam
1016 1695 1398 1786 Ἀλέξανδρον
1444 1717 1685 1769 constat
1731 1729 1867 1768 esse
1913 1715 2451 1788 propugnatorem.
2526 1718 2706 1768 cete-

453 1829 584 1867 rum
630 1811 706 1869 cf.
753 1809 1132 1890 Aeschylum
1173 1811 1294 1890 Ag.
1327 1820 1430 1874 686
1459 1832 1599 1893 sqq.
1648 1819 1710 1870 et
1751 1811 1953 1890 ipsum
1994 1811 2060 1869 in
2104 1810 2393 1869 Helenae
2440 1811 2705 1868 nomine

453 1908 792 1970 ludentem.

627 2009 1003 2072 Callimacho
1049 2015 1233 2073 facile
1283 2015 1466 2074 etiam
1522 2012 1900 2073 attribuendi
1943 2033 2157 2072 versus
2208 2021 2351 2072 sunt
2395 2015 2707 2091 anonymi

454 2120 682 2189 poetae
729 2122 914 2193 etym.
948 2136 1024 2174 m.
1057 2136 1120 2195 p.
1152 2123 1273 2190 665,
1321 2126 1406 2189 45,
1456 2135 1610 2196 quos
1652 2115 2005 2174 Meinekius
2050 2113 2236 2173 anall.
2267 2114 2451 2173 Alex.
2490 2134 2551 2192 p.
2600 2126 2707 2175 100

453 2213 716 2278 fortasse
759 2216 1179 2296 Euphorionis
1229 2237 1364 2276 esse
1412 2218 1681 2276 censuit:

757 2306 862 2374 τὸν
905 2313 1014 2392 μὲν
1057 2315 1157 2374 καὶ
1205 2317 1453 2391 Περσῆα
1498 2310 1925 2393 μετεκλήϊσσαν
1960 2306 2217 2393 Ἀχαιοί,

757 2409 1004 2476 οὕνεκεν
1046 2408 1220 2476 ἄστεα
1265 2414 1479 2497 πέρσεν
1522 2408 1873 2496 ἆπειρεσίων
1915 2405 2274 2494 ἀνθρώπων.

622 2537 899 2596 Finitimi
945 2546 1087 2598 sunt
1131 2546 1317 2618 atque
1363 2538 1523 2597 adeo
1569 2538 1801 2616 gemini
1844 2537 1959 2598 sed
1990 2545 2210 2615 suapte
2242 2545 2462 2596 natura
2492 2537 2707 2596 minus

454 2637 663 2696 futiles
721 2648 977 2699 conatus
1035 2639 1492 2720 interpretandi
1546 2641 1653 2700 vel
1707 2641 2077 2718 cognomina
2134 2638 2385 2698 deorum
2435 2640 2537 2697 vel
2582 2641 2702 2697 no-

453 2740 620 2797 mina
665 2742 947 2802 locorum.
1005 2743 1198 2802 veluti
1241 2762 1453 2801 verum
1486 2750 1673 2822 poeta
1702 2741 1950 2801 videtur
1978 2741 2373 2820 perspexisse
2404 2741 2468 2799 in
2499 2740 2701 2800 Dian.

455 2850 576 2913 205,
612 2843 664 2899 si
696 2843 946 2921 quidem
981 2844 1135 2903 haec
1165 2864 1292 2902 non
1324 2863 1492 2901 mera
1524 2851 1617 2902 est
1648 2843 2083 2922 agnominatio.
2117 2843 2194 2901 cf.
2227 2842 2568 2901 Prellerum
2597 2863 2701 2920 gr.

453 2942 644 3020 myth.
679 2944 712 3002 Ι
742 2964 802 3022 p.
835 2952 939 3006 229
969 2964 1080 3022 sq.,
1113 2943 1511 3003 Welckerum
1543 2966 1631 3023 gr.
1668 2920 1933 3006 Gotterl.
1964 2944 2032 3002 ΙΙ
2063 2965 2123 3024 Ρ.
2153 2950 2259 3005 394
2288 2963 2383 3022 sq.
2449 2963 2567 3002 nec
2597 2943 2703 3002 in-

457 3052 601 3121 epte
649 3064 875 3103 nomen
910 3045 1150 3104 derivat
1179 3046 1324 3105 Deli
1365 3046 1605 3104 insulae
1637 3046 1700 3104 in
1731 3046 1876 3105 Del.
1908 3055 1970 3107 51
2005 3064 2162 3124 sqq„
2197 3044 2415 3123 quibus
2446 3048 2703 3124 conspi-

454 3153 548 3204 rat
578 3146 710 3204 fere
741 3145 1111 3206 Aristoteles
1142 3147 1306 3206 Plin.
1339 3168 1402 3206 n.
1433 3147 1494 3206 h.
1526 3148 1619 3207 IV
1653 3156 1717 3208 12
1750 3143 1893 3227 (22).
1938 3145 2247 3206 infelicior
2282 3155 2376 3205 est
2404 3147 2471 3204 in
2499 3146 2701 3205 Dian.

461 3253 552 3307 197
573 3266 710 3325 sqq.
748 3246 824 3308 de
855 3249 1064 3307 Diana
1091 3250 1414 3329 Dictynna
1445 3247 1780 3309 disserens
1814 3249 1891 3307 cf.
1924 3248 2263 3308 Prellerum
2291 3248 2333 3307 I.
2355 3267 2406 3306 c.
2440 3248 2473 3306 Ι
2504 3268 2565 3327 p.
2586 3255 2705 3309 242

455 3347 803 3406 Hoeckium
831 3351 1029 3409 Kreta
1057 3350 1127 3409 II
1155 3371 1217 3429 Ρ.
1252 3357 1372 3413 167.
1415 3351 1537 3409 alia
1566 3352 1632 3410 in
1664 3350 1798 3408 Iov.
1830 3355 1899 3410 44
1928 3369 2040 3428 sq.,
2072 3349 2139 3406 in
2169 3348 2378 3428 Apoll.
2410 3357 2699 3422 99-103,

453 3447 519 3504 in
550 3448 694 3506 Del.
726 3458 794 3511 36
825 3470 981 3529 sqq„
1025 3453 1140 3528 frg.
1175 3460 1242 3515 32
1277 3450 1380 3530 (cf.
1416 3450 1491 3510 O.
1523 3451 1889 3511 Muellerum
1931 3450 2209 3529 prolegg.
2244 3470 2305 3528 p.
2339 3458 2438 3512 157
2473 3452 2625 3508 Dor.
2666 3453 2703 3510 I

454 3572 516 3629 p.
548 3555 652 3611 204
681 3571 796 3630 sq„
817 3535 1165 3612 -Prelleru'm
1194 3552 1234 3611 l.
1269 3573 1318 3612 c.
1352 3555 1385 3612 I
1415 3573 1477 3632 p.
1511 3561 1614 3614 220
1642 3573 1706 3611 n.
1738 3549 1818 3626 2),
1852 3551 1968 3629 frg.
2001 3559 2122 3624 213,
2158 3565 2417 3630 quocum
2448 3551 2526 3612 ef.
2559 3551 2699 3610 He-

457 3651 617 3711 siodi
663 3653 780 3730 frg.
815 3652 979 3731 apud
1012 3653 1229 3732 Steph.
1262 3655 1417 3734 Byz.
1449 3675 1499 3714 s.
1532 3675 1590 3712 v.
1627 3648 2049 3730 flaqeivwffl).
2110 3661 2437 3730 praeterea
2480 3653 2700 3732 aliquo

592 3819 630 3882 ¹)
667 3819 899 3870 Mirifice
936 3819 1226 3871 Heckerus
1271 3819 1309 3871 l.
1348 3837 1394 3873 c.
1443 3821 1511 3871 de
1558 3825 1715 3886 peste
1751 3819 1973 3886 Argivis
2026 3819 2096 3870 ab
2138 3818 2394 3885 Apolline
2441 3819 2700 3872 immissa

453 3904 746 3969 intellegit.

587 3988 634 4051 ²)
671 3990 901 4040 Versum
949 3988 1094 4038 enim
1138 3980 1214 4049 ὣς
1260 3979 1446 4040 ἁπαλοὶ
1495 3983 1751 4055 προρὲων
1794 3980 1871 4048 ὥς
1906 3980 2057 4055 ἁβρὴ
2094 3981 2392 4053 παρθένος
2429 3979 2541 4038 εἶσι
2578 4005 2697 4040 non

452 4073 719 4124 Partheni
757 4090 894 4136 esse,
934 4072 1077 4140 quod
1111 4073 1428 4126 Meinekius
1468 4075 1635 4126 anall.
1671 4073 1829 4125 Alex.
1864 4091 1918 4140 p.
1957 4076 2057 4124 292
2092 4074 2409 4138 suspicatus
2446 4077 2548 4135 est,
2590 4075 2699 4124 sed

452 4156 712 4220 Hesiodi,
760 4163 1040 4210 monstrat.
1077 4167 1237 4223 etym.
1276 4176 1346 4209 m.
1386 4176 1436 4224 p.
1479 4162 1573 4224 44,
1611 4162 1677 4212 35
1714 4159 1833 4210 cod.
1868 4159 1973 4210 Va.
2012 4157 2318 4209 addendum
2370 4156 2542 4222 igitur
2576 4157 2693 4208 hoe

455 4241 557 4306 frg.
601 4256 721 4290 cum
759 4242 885 4294 aliis
922 4244 1103 4294 multis
1142 4244 1583 4296 conlectionibus
1618 4245 1820 4294 nostris
1858 4243 2286 4309 fragmentorum
2321 4241 2571 4294 Hesiodi.
