<?xml version="1.0" encoding="UTF-8"?>
<!DOCTYPE html PUBLIC "-//W3C//DTD XHTML 1.0 Transitional//EN"
    "http://www.w3.org/TR/xhtml1/DTD/xhtml1-transitional.dtd">
<html xmlns="http://www.w3.org/1999/xhtml" xml:lang="en" lang="en">
 <head>
  <title>
</title>
<meta http-equiv="Content-Type" content="text/html;charset=utf-8" />
  <meta name='ocr-system' content='tesseract 3.04.00' />
  <meta name='ocr-capabilities' content='ocr_page ocr_carea ocr_par ocr_line ocrx_word'/>
</head>
<body>
  <div class='ocr_page' id='page_1' title='image "./decallimachicyd00ovidgoog_0103.png"; bbox 0 0 2917 4992; ppageno 0'>
   <div class='ocr_carea' id='block_1_1' title="bbox 1067 265 1529 387">
    <p class='ocr_par' dir='ltr' id='par_1_1' title="bbox 1067 265 1529 387">
     <span class='ocr_line' id='line_1_1' title="bbox 1067 265 1529 387; baseline 0.002 -1"><span class='ocrx_word' id='word_1_1' title='bbox 1067 320 1315 387; x_wconf 79' lang='lat'><strong>—87</strong></span> <span class='ocrx_word' id='word_1_2' title='bbox 1402 265 1529 368; x_wconf 52' lang='grc'><strong>-“</strong></span> 
     </span>
    </p>
   </div>
   <div class='ocr_carea' id='block_1_2' title="bbox 158 496 2412 2610">
    <p class='ocr_par' dir='ltr' id='par_1_2' title="bbox 158 496 2412 2610">
     <span class='ocr_line' id='line_1_2' title="bbox 163 496 2393 576; baseline 0.002 -20"><span class='ocrx_word' id='word_1_3' title='bbox 163 498 415 556; x_wconf 85' lang='lat' dir='ltr'><strong>viveret.</strong></span> <span class='ocrx_word' id='word_1_4' title='bbox 492 517 566 557; x_wconf 82' lang='lat' dir='ltr'><strong>ea</strong></span> <span class='ocrx_word' id='word_1_5' title='bbox 595 497 760 558; x_wconf 88' lang='lat' dir='ltr'><strong>enim</strong></span> <span class='ocrx_word' id='word_1_6' title='bbox 803 497 1089 556; x_wconf 86' lang='lat' dir='ltr'><strong>voluntas</strong></span> <span class='ocrx_word' id='word_1_7' title='bbox 1121 505 1338 576; x_wconf 87' lang='lat' dir='ltr'><strong>aperto</strong></span> <span class='ocrx_word' id='word_1_8' title='bbox 1383 497 1565 576; x_wconf 88' lang='lat' dir='ltr'><strong>prodi</strong></span> <span class='ocrx_word' id='word_1_9' title='bbox 1594 497 1743 556; x_wconf 88' lang='lat' dir='ltr'><strong>mihi</strong></span> <span class='ocrx_word' id='word_1_10' title='bbox 1772 496 2019 558; x_wconf 81' lang='lat' dir='ltr'><strong>videtur</strong></span> <span class='ocrx_word' id='word_1_11' title='bbox 2060 498 2155 558; x_wconf 83' lang='lat' dir='ltr'><strong>his</strong></span> <span class='ocrx_word' id='word_1_12' title='bbox 2184 498 2393 560; x_wconf 82' lang='lat' dir='ltr'><strong>verbis</strong></span> 
     </span>
     <span class='ocr_line' id='line_1_3' title="bbox 160 586 2391 702; baseline 0.001 -44"><span class='ocrx_word' id='word_1_13' title='bbox 160 599 566 659; x_wconf 85' lang='lat' dir='ltr'><strong>Aristaeneti.</strong></span> <span class='ocrx_word' id='word_1_14' title='bbox 623 590 972 675; x_wconf 78' lang='grc' dir='ltr'><strong><em>μαθήσομαι</em></strong></span> <span class='ocrx_word' id='word_1_15' title='bbox 1016 591 1202 674; x_wconf 82' lang='grc' dir='ltr'><strong><em>μόνον</em></strong></span> <span class='ocrx_word' id='word_1_16' title='bbox 1255 586 1334 669; x_wconf 77' lang='grc' dir='ltr'><strong>ὥς</strong></span> <span class='ocrx_word' id='word_1_17' title='bbox 1376 594 1662 674; x_wconf 80' lang='grc' dir='ltr'><strong><em>μεμέληκέ</em></strong></span> <span class='ocrx_word' id='word_1_18' title='bbox 1704 614 1797 658; x_wconf 84' lang='grc' dir='ltr'><strong>σοι</strong></span> <span class='ocrx_word' id='word_1_19' title='bbox 1837 598 1957 660; x_wconf 79' lang='grc' dir='ltr'><strong>τῶν</strong></span> <span class='ocrx_word' id='word_1_20' title='bbox 2010 591 2391 702; x_wconf 76' lang='grc' dir='ltr'><em>γραμμάτων.</em></span> 
     </span>
     <span class='ocr_line' id='line_1_4' title="bbox 165 691 2389 781; baseline 0.001 -21.014"><span class='ocrx_word' id='word_1_21' title='bbox 165 703 375 781; x_wconf 84' lang='lat' dir='ltr'><strong>‘eoque</strong></span> <span class='ocrx_word' id='word_1_22' title='bbox 432 699 605 780; x_wconf 87' lang='lat' dir='ltr'><strong>igni‘,</strong></span> <span class='ocrx_word' id='word_1_23' title='bbox 675 701 880 781; x_wconf 83' lang='lat' dir='ltr'><strong>pergit</strong></span> <span class='ocrx_word' id='word_1_24' title='bbox 935 698 1465 776; x_wconf 82' lang='lat' dir='ltr'><strong>adulescentulus,</strong></span> <span class='ocrx_word' id='word_1_25' title='bbox 1539 701 1828 762; x_wconf 85' lang='lat' dir='ltr'><strong>‘liberans</strong></span> <span class='ocrx_word' id='word_1_26' title='bbox 1896 691 2191 778; x_wconf 79' lang='lat' dir='ltr'><strong>animum,</strong></span> <span class='ocrx_word' id='word_1_27' title='bbox 2258 724 2389 763; x_wconf 88' lang='lat' dir='ltr'><strong>non</strong></span> 
     </span>
     <span class='ocr_line' id='line_1_5' title="bbox 159 801 2393 884; baseline 0.003 -24"><span class='ocrx_word' id='word_1_28' title='bbox 159 803 342 880; x_wconf 84' lang='lat' dir='ltr'><strong>magis</strong></span> <span class='ocrx_word' id='word_1_29' title='bbox 391 803 686 881; x_wconf 87' lang='lat' dir='ltr'><strong>sanguini</strong></span> <span class='ocrx_word' id='word_1_30' title='bbox 727 822 864 861; x_wconf 89' lang='lat' dir='ltr'><strong>meo</strong></span> <span class='ocrx_word' id='word_1_31' title='bbox 909 821 1175 881; x_wconf 81' lang='lat' dir='ltr'><strong>paream,</strong></span> <span class='ocrx_word' id='word_1_32' title='bbox 1225 821 1407 882; x_wconf 89' lang='lat' dir='ltr'><strong>quam</strong></span> <span class='ocrx_word' id='word_1_33' title='bbox 1451 823 1651 884; x_wconf 87' lang='lat' dir='ltr'><strong>aquae</strong></span> <span class='ocrx_word' id='word_1_34' title='bbox 1694 805 1853 865; x_wconf 88' lang='lat' dir='ltr'><strong>ultro</strong></span> <span class='ocrx_word' id='word_1_35' title='bbox 1900 801 2171 864; x_wconf 62' lang='lat' dir='ltr'><strong>effusae)</strong></span> <span class='ocrx_word' id='word_1_36' title='bbox 2246 824 2393 866; x_wconf 84' lang='lat' dir='ltr'><strong>nam</strong></span> 
     </span>
     <span class='ocr_line' id='line_1_6' title="bbox 161 901 2393 985; baseline 0.001 -23"><span class='ocrx_word' id='word_1_37' title='bbox 161 925 275 962; x_wconf 89' lang='lat' dir='ltr'><strong>non</strong></span> <span class='ocrx_word' id='word_1_38' title='bbox 334 905 466 964; x_wconf 87' lang='lat' dir='ltr'><strong>nisi</strong></span> <span class='ocrx_word' id='word_1_39' title='bbox 517 905 604 963; x_wconf 83' lang='lat' dir='ltr'><strong>ita</strong></span> <span class='ocrx_word' id='word_1_40' title='bbox 659 924 878 964; x_wconf 88' lang='lat' dir='ltr'><strong>sanum</strong></span> <span class='ocrx_word' id='word_1_41' title='bbox 931 904 1052 963; x_wconf 88' lang='lat' dir='ltr'><strong>ista</strong></span> <span class='ocrx_word' id='word_1_42' title='bbox 1114 903 1436 964; x_wconf 86' lang='lat' dir='ltr'><strong>habebunt</strong></span> <span class='ocrx_word' id='word_1_43' title='bbox 1502 905 1901 985; x_wconf 81' lang='lat' dir='ltr'><strong>explicatum:</strong></span> <span class='ocrx_word' id='word_1_44' title='bbox 1964 901 2068 963; x_wconf 80' lang='grc' dir='ltr'><strong>καὶ</strong></span> <span class='ocrx_word' id='word_1_45' title='bbox 2121 904 2231 964; x_wconf 81' lang='grc' dir='ltr'><strong>τοῦ</strong></span> <span class='ocrx_word' id='word_1_46' title='bbox 2282 905 2393 964; x_wconf 78' lang='grc' dir='ltr'><strong>σοῦ</strong></span> 
     </span>
     <span class='ocr_line' id='line_1_7' title="bbox 160 993 2393 1088; baseline 0.002 -25"><span class='ocrx_word' id='word_1_47' title='bbox 160 1004 490 1083; x_wconf 82' lang='grc' dir='ltr'><strong><em>πρηστῆρος</em></strong></span> <span class='ocrx_word' id='word_1_48' title='bbox 535 997 644 1080; x_wconf 77' lang='grc' dir='ltr'><strong>τὴν</strong></span> <span class='ocrx_word' id='word_1_49' title='bbox 687 993 837 1081; x_wconf 75' lang='grc' dir='ltr'><strong><em>ἐμὴν</em></strong></span> <span class='ocrx_word' id='word_1_50' title='bbox 879 993 1513 1081; x_wconf 67' lang='grc' dir='ltr'><strong><em>ψυχὴν“”ἀπαλλάττων</em></strong></span> <span class='ocrx_word' id='word_1_51' title='bbox 1557 1026 1611 1067; x_wconf 90' lang='lat' dir='ltr'><strong>e.</strong></span> <span class='ocrx_word' id='word_1_52' title='bbox 1646 1028 1705 1088; x_wconf 89' lang='lat' dir='ltr'><strong>q.</strong></span> <span class='ocrx_word' id='word_1_53' title='bbox 1738 1029 1787 1067; x_wconf 88' lang='lat' dir='ltr'><strong>s.</strong></span> <span class='ocrx_word' id='word_1_54' title='bbox 1842 1025 2045 1087; x_wconf 84' lang='lat' dir='ltr'><strong>eaque</strong></span> <span class='ocrx_word' id='word_1_55' title='bbox 2076 1008 2181 1087; x_wconf 87' lang='lat' dir='ltr'><strong>qui</strong></span> <span class='ocrx_word' id='word_1_56' title='bbox 2212 1007 2393 1068; x_wconf 87' lang='lat' dir='ltr'><strong>aliter</strong></span> 
     </span>
     <span class='ocr_line' id='line_1_8' title="bbox 161 1107 2393 1202; baseline 0.001 -37"><span class='ocrx_word' id='word_1_57' title='bbox 161 1109 550 1187; x_wconf 84' lang='lat' dir='ltr'><strong>interpretari</strong></span> <span class='ocrx_word' id='word_1_58' title='bbox 590 1108 921 1168; x_wconf 83' lang='lat' dir='ltr'><strong>voluerunt</strong></span> <span class='ocrx_word' id='word_1_59' title='bbox 962 1108 1051 1166; x_wconf 88' lang='lat' dir='ltr'><strong>ita</strong></span> <span class='ocrx_word' id='word_1_60' title='bbox 1092 1107 1433 1187; x_wconf 87' lang='lat' dir='ltr'><strong>ineptiunt,</strong></span> <span class='ocrx_word' id='word_1_61' title='bbox 1492 1117 1561 1168; x_wconf 90' lang='lat' dir='ltr'><strong>ut</strong></span> <span class='ocrx_word' id='word_1_62' title='bbox 1603 1130 1684 1170; x_wconf 89' lang='lat' dir='ltr'><strong>ne</strong></span> <span class='ocrx_word' id='word_1_63' title='bbox 1754 1109 1927 1202; x_wconf 71' lang='lat' dir='ltr'><strong>digni</strong></span> <span class='ocrx_word' id='word_1_64' title='bbox 1973 1108 2222 1188; x_wconf 84' lang='lat' dir='ltr'><strong>quidem</strong></span> <span class='ocrx_word' id='word_1_65' title='bbox 2266 1109 2393 1168; x_wconf 89' lang='lat' dir='ltr'><strong>sint</strong></span> 
     </span>
     <span class='ocr_line' id='line_1_9' title="bbox 163 1204 2389 1290; baseline 0 -22"><span class='ocrx_word' id='word_1_66' title='bbox 163 1209 256 1288; x_wconf 87' lang='lat' dir='ltr'><strong>qui</strong></span> <span class='ocrx_word' id='word_1_67' title='bbox 297 1209 580 1288; x_wconf 82' lang='lat' dir='ltr'><strong>pluribus</strong></span> <span class='ocrx_word' id='word_1_68' title='bbox 625 1210 1039 1269; x_wconf 79' lang='lat' dir='ltr'><strong>confutentur.</strong></span> <span class='ocrx_word' id='word_1_69' title='bbox 1057 1204 1104 1286; x_wconf 91' lang='lat'><strong>¹)</strong></span> <span class='ocrx_word' id='word_1_70' title='bbox 1169 1209 1317 1289; x_wconf 87' lang='lat' dir='ltr'><strong>quid</strong></span> <span class='ocrx_word' id='word_1_71' title='bbox 1351 1209 1543 1270; x_wconf 80' lang='lat' dir='ltr'><strong>vero?</strong></span> <span class='ocrx_word' id='word_1_72' title='bbox 1585 1209 1971 1270; x_wconf 72' lang='lat' dir='ltr'><strong>Acontiusne</strong></span> <span class='ocrx_word' id='word_1_73' title='bbox 2002 1209 2169 1290; x_wconf 88' lang='lat' dir='ltr'><strong>apud</strong></span> <span class='ocrx_word' id='word_1_74' title='bbox 2203 1208 2389 1269; x_wconf 83' lang='lat' dir='ltr'><strong>Calli·</strong></span> 
     </span>
     <span class='ocr_line' id='line_1_10' title="bbox 161 1309 2389 1391; baseline 0.001 -23"><span class='ocrx_word' id='word_1_75' title='bbox 161 1310 434 1370; x_wconf 78' lang='lat' dir='ltr'><strong>machnm</strong></span> <span class='ocrx_word' id='word_1_76' title='bbox 478 1311 650 1385; x_wconf 81' lang='lat' dir='ltr'><strong>dixit,</strong></span> <span class='ocrx_word' id='word_1_77' title='bbox 697 1331 768 1372; x_wconf 89' lang='lat' dir='ltr'><strong>se</strong></span> <span class='ocrx_word' id='word_1_78' title='bbox 812 1309 958 1370; x_wconf 88' lang='lat' dir='ltr'><strong>ideo</strong></span> <span class='ocrx_word' id='word_1_79' title='bbox 987 1310 1271 1370; x_wconf 84' lang='lat' dir='ltr'><strong>Athenas</strong></span> <span class='ocrx_word' id='word_1_80' title='bbox 1317 1311 1735 1391; x_wconf 81' lang='lat' dir='ltr'><strong>profecturum</strong></span> <span class='ocrx_word' id='word_1_81' title='bbox 1778 1331 1934 1386; x_wconf 84' lang='lat' dir='ltr'><strong>esse,</strong></span> <span class='ocrx_word' id='word_1_82' title='bbox 1980 1321 2048 1372; x_wconf 88' lang='lat' dir='ltr'><strong>ut</strong></span> <span class='ocrx_word' id='word_1_83' title='bbox 2090 1312 2389 1373; x_wconf 78' lang='lat' dir='ltr'><strong>continuo</strong></span> 
     </span>
     <span class='ocr_line' id='line_1_11' title="bbox 158 1411 2389 1494; baseline 0.002 -25"><span class='ocrx_word' id='word_1_84' title='bbox 158 1411 235 1470; x_wconf 88' lang='lat' dir='ltr'><strong>ibi</strong></span> <span class='ocrx_word' id='word_1_85' title='bbox 276 1411 661 1473; x_wconf 80' lang='lat' dir='ltr'><strong>moreretur?</strong></span> <span class='ocrx_word' id='word_1_86' title='bbox 714 1412 783 1470; x_wconf 89' lang='lat' dir='ltr'><strong>id</strong></span> <span class='ocrx_word' id='word_1_87' title='bbox 840 1432 1056 1492; x_wconf 83' lang='lat' dir='ltr'><strong>parum</strong></span> <span class='ocrx_word' id='word_1_88' title='bbox 1099 1411 1396 1474; x_wconf 78' lang='lat' dir='ltr'>credibile</span> <span class='ocrx_word' id='word_1_89' title='bbox 1455 1423 1569 1474; x_wconf 87' lang='lat' dir='ltr'><strong>est.</strong></span> <span class='ocrx_word' id='word_1_90' title='bbox 1658 1433 1803 1472; x_wconf 88' lang='lat' dir='ltr'><strong>nam</strong></span> <span class='ocrx_word' id='word_1_91' title='bbox 1846 1415 2142 1474; x_wconf 77' lang='lat' dir='ltr'><strong>sciscitari</strong></span> <span class='ocrx_word' id='word_1_92' title='bbox 2186 1414 2389 1494; x_wconf 87' lang='lat' dir='ltr'><strong>potius</strong></span> 
     </span>
     <span class='ocr_line' id='line_1_12' title="bbox 159 1513 2386 1596; baseline 0.003 -26"><span class='ocrx_word' id='word_1_93' title='bbox 159 1513 234 1571; x_wconf 89' lang='lat' dir='ltr'><strong>ibi</strong></span> <span class='ocrx_word' id='word_1_94' title='bbox 303 1514 464 1588; x_wconf 87' lang='lat' dir='ltr'><strong>vult,</strong></span> <span class='ocrx_word' id='word_1_95' title='bbox 554 1534 673 1594; x_wconf 87' lang='lat' dir='ltr'><strong>quo</strong></span> <span class='ocrx_word' id='word_1_96' title='bbox 746 1515 882 1574; x_wconf 81' lang='lat' dir='ltr'><strong>loeo</strong></span> <span class='ocrx_word' id='word_1_97' title='bbox 954 1535 1054 1573; x_wconf 89' lang='lat' dir='ltr'><strong>res</strong></span> <span class='ocrx_word' id='word_1_98' title='bbox 1139 1534 1288 1574; x_wconf 88' lang='lat' dir='ltr'><strong>suae</strong></span> <span class='ocrx_word' id='word_1_99' title='bbox 1363 1523 1605 1590; x_wconf 82' lang='lat' dir='ltr'><strong>essent,</strong></span> <span class='ocrx_word' id='word_1_100' title='bbox 1691 1535 1901 1595; x_wconf 86' lang='lat' dir='ltr'><strong>neque</strong></span> <span class='ocrx_word' id='word_1_101' title='bbox 1974 1515 2176 1574; x_wconf 84' lang='lat' dir='ltr'><strong>adhuc</strong></span> <span class='ocrx_word' id='word_1_102' title='bbox 2248 1517 2386 1596; x_wconf 91' lang='lat' dir='ltr'><strong>ipse</strong></span> 
     </span>
     <span class='ocr_line' id='line_1_13' title="bbox 158 1613 2389 1696; baseline 0.002 -24"><span class='ocrx_word' id='word_1_103' title='bbox 158 1613 295 1673; x_wconf 89' lang='lat' dir='ltr'><strong>boni</strong></span> <span class='ocrx_word' id='word_1_104' title='bbox 341 1624 604 1675; x_wconf 85' lang='lat' dir='ltr'><strong>eventus</strong></span> <span class='ocrx_word' id='word_1_105' title='bbox 660 1635 836 1694; x_wconf 88' lang='lat' dir='ltr'><strong>spem</strong></span> <span class='ocrx_word' id='word_1_106' title='bbox 889 1617 1140 1675; x_wconf 87' lang='lat' dir='ltr'><strong>omnino</strong></span> <span class='ocrx_word' id='word_1_107' title='bbox 1199 1615 1452 1690; x_wconf 82' lang='lat' dir='ltr'><strong>abiecit,</strong></span> <span class='ocrx_word' id='word_1_108' title='bbox 1514 1625 1582 1676; x_wconf 87' lang='lat' dir='ltr'><strong>ut</strong></span> <span class='ocrx_word' id='word_1_109' title='bbox 1636 1617 1726 1676; x_wconf 92' lang='lat' dir='ltr'><strong>eis</strong></span> <span class='ocrx_word' id='word_1_110' title='bbox 1784 1635 1945 1696; x_wconf 88' lang='lat' dir='ltr'><strong>quae</strong></span> <span class='ocrx_word' id='word_1_111' title='bbox 2000 1617 2389 1696; x_wconf 80' lang='lat' dir='ltr'><strong>praecedunt</strong></span> 
     </span>
     <span class='ocr_line' id='line_1_14' title="bbox 159 1709 2384 1798; baseline 0 -25"><span class='ocrx_word' id='word_1_112' title='bbox 159 1716 387 1795; x_wconf 85' lang='lat' dir='ltr'><strong>liquido</strong></span> <span class='ocrx_word' id='word_1_113' title='bbox 435 1718 755 1797; x_wconf 80' lang='lat' dir='ltr'><strong>expressit.</strong></span> <span class='ocrx_word' id='word_1_114' title='bbox 829 1717 1000 1798; x_wconf 88' lang='lat' dir='ltr'><strong>quod</strong></span> <span class='ocrx_word' id='word_1_115' title='bbox 1043 1737 1179 1778; x_wconf 85' lang='lat' dir='ltr'><strong>cum</strong></span> <span class='ocrx_word' id='word_1_116' title='bbox 1221 1718 1309 1776; x_wconf 83' lang='lat' dir='ltr'><strong>ita</strong></span> <span class='ocrx_word' id='word_1_117' title='bbox 1353 1719 1449 1792; x_wconf 88' lang='lat' dir='ltr'><strong>sit,</strong></span> <span class='ocrx_word' id='word_1_118' title='bbox 1501 1738 1661 1798; x_wconf 91' lang='lat' dir='ltr'><strong>quae</strong></span> <span class='ocrx_word' id='word_1_119' title='bbox 1690 1718 1890 1777; x_wconf 87' lang='lat' dir='ltr'><strong>iunxit</strong></span> <span class='ocrx_word' id='word_1_120' title='bbox 1931 1718 2141 1778; x_wconf 84' lang='lat' dir='ltr'><strong>rhetor</strong></span> <span class='ocrx_word' id='word_1_121' title='bbox 2182 1709 2384 1794; x_wconf 81' lang='grc' dir='ltr'><em>μαθή-</em></span> 
     </span>
     <span class='ocr_line' id='line_1_15' title="bbox 160 1801 2412 1896; baseline 0.003 -24"><span class='ocrx_word' id='word_1_122' title='bbox 160 1831 320 1892; x_wconf 84' lang='grc' dir='ltr'><strong><em>σομαι</em></strong></span> <span class='ocrx_word' id='word_1_123' title='bbox 357 1861 372 1875; x_wconf 95' lang='grc'><strong>.</strong></span> <span class='ocrx_word' id='word_1_124' title='bbox 485 1863 498 1876; x_wconf 95' lang='grc'><strong>.</strong></span> <span class='ocrx_word' id='word_1_125' title='bbox 555 1810 920 1896; x_wconf 74' lang='grc' dir='ltr'><em>γραμμάτων</em></span> <span class='ocrx_word' id='word_1_126' title='bbox 979 1827 1040 1878; x_wconf 91' lang='lat' dir='ltr'><strong>et</strong></span> <span class='ocrx_word' id='word_1_127' title='bbox 1091 1808 1198 1895; x_wconf 79' lang='grc' dir='ltr'><strong>οὐχ</strong></span> <span class='ocrx_word' id='word_1_128' title='bbox 1242 1801 1419 1894; x_wconf 75' lang='grc' dir='ltr'><strong><em>ἧττον</em></strong></span> <span class='ocrx_word' id='word_1_129' title='bbox 1452 1865 1464 1876; x_wconf 95' lang='grc'><strong>.</strong></span> <span class='ocrx_word' id='word_1_130' title='bbox 1492 1864 1506 1877; x_wconf 92' lang='grc'><strong>.</strong></span> <span class='ocrx_word' id='word_1_131' title='bbox 1534 1863 1549 1878; x_wconf 95' lang='grc'><strong>.</strong></span> <span class='ocrx_word' id='word_1_132' title='bbox 1579 1863 1593 1878; x_wconf 93' lang='grc'><strong>.</strong></span> <span class='ocrx_word' id='word_1_133' title='bbox 1652 1815 1931 1895; x_wconf 81' lang='grc' dir='ltr'><strong><em>χεομένου</em></strong></span> <span class='ocrx_word' id='word_1_134' title='bbox 1976 1840 2107 1879; x_wconf 87' lang='lat' dir='ltr'><strong>non</strong></span> <span class='ocrx_word' id='word_1_135' title='bbox 2165 1820 2412 1879; x_wconf 84' lang='lat' dir='ltr'><strong>cohae-·</strong></span> 
     </span>
     <span class='ocr_line' id='line_1_16' title="bbox 159 1918 2385 2002; baseline 0.002 -26"><span class='ocrx_word' id='word_1_136' title='bbox 159 1919 393 1994; x_wconf 84' lang='lat' dir='ltr'><strong>rebunt,</strong></span> <span class='ocrx_word' id='word_1_137' title='bbox 441 1921 564 1979; x_wconf 90' lang='lat' dir='ltr'><strong>nisi</strong></span> <span class='ocrx_word' id='word_1_138' title='bbox 609 1919 691 1980; x_wconf 87' lang='lat' dir='ltr'><strong>ad</strong></span> <span class='ocrx_word' id='word_1_139' title='bbox 735 1918 839 1978; x_wconf 83' lang='grc' dir='ltr'><strong>καί</strong></span> <span class='ocrx_word' id='word_1_140' title='bbox 877 1919 1196 2001; x_wconf 85' lang='lat' dir='ltr'><strong>supplebis</strong></span> <span class='ocrx_word' id='word_1_141' title='bbox 1229 1930 1436 1982; x_wconf 87' lang='lat' dir='ltr'><strong>mente</strong></span> <span class='ocrx_word' id='word_1_142' title='bbox 1482 1941 1647 2002; x_wconf 87' lang='lat' dir='ltr'><strong>quae</strong></span> <span class='ocrx_word' id='word_1_143' title='bbox 1676 1922 1983 1982; x_wconf 86' lang='lat' dir='ltr'><strong>festinans</strong></span> <span class='ocrx_word' id='word_1_144' title='bbox 2022 1922 2385 2002; x_wconf 87' lang='lat' dir='ltr'><strong>epitomator</strong></span> 
     </span>
     <span class='ocr_line' id='line_1_17' title="bbox 163 2021 2389 2103; baseline 0.002 -25"><span class='ocrx_word' id='word_1_145' title='bbox 163 2021 382 2081; x_wconf 85' lang='lat' dir='ltr'><strong>omisit:</strong></span> <span class='ocrx_word' id='word_1_146' title='bbox 431 2022 486 2082; x_wconf 88' lang='lat' dir='ltr'><strong>si</strong></span> <span class='ocrx_word' id='word_1_147' title='bbox 527 2022 727 2080; x_wconf 85' lang='lat' dir='ltr'><strong>minus</strong></span> <span class='ocrx_word' id='word_1_148' title='bbox 771 2031 834 2081; x_wconf 89' lang='lat' dir='ltr'><strong>te</strong></span> <span class='ocrx_word' id='word_1_149' title='bbox 877 2022 1275 2082; x_wconf 86' lang='lat' dir='ltr'><strong>iurisiurandi</strong></span> <span class='ocrx_word' id='word_1_150' title='bbox 1318 2044 1650 2084; x_wconf 80' lang='lat' dir='ltr'><strong>memorem</strong></span> <span class='ocrx_word' id='word_1_151' title='bbox 1680 2043 2050 2103; x_wconf 79' lang='lat' dir='ltr'><strong>cognovere.</strong></span> <span class='ocrx_word' id='word_1_152' title='bbox 2137 2023 2245 2082; x_wconf 78' lang='grc' dir='ltr'><strong>τοῦ</strong></span> <span class='ocrx_word' id='word_1_153' title='bbox 2275 2023 2389 2082; x_wconf 81' lang='grc' dir='ltr'><strong>σοῦ</strong></span> 
     </span>
     <span class='ocr_line' id='line_1_18' title="bbox 160 2121 2390 2206; baseline 0.003 -28"><span class='ocrx_word' id='word_1_154' title='bbox 160 2121 484 2200; x_wconf 79' lang='grc' dir='ltr'><strong><em>πρηστῆρος</em></strong></span> <span class='ocrx_word' id='word_1_155' title='bbox 513 2131 768 2183; x_wconf 82' lang='lat' dir='ltr'><strong>vertunt</strong></span> <span class='ocrx_word' id='word_1_156' title='bbox 809 2124 902 2182; x_wconf 85' lang='lat' dir='ltr'><strong>illi</strong></span> <span class='ocrx_word' id='word_1_157' title='bbox 947 2133 1072 2182; x_wconf 79' lang='lat' dir='ltr'><strong>tuae</strong></span> <span class='ocrx_word' id='word_1_158' title='bbox 1106 2127 1388 2200; x_wconf 76' lang='lat' dir='ltr'><strong>flammae,</strong></span> <span class='ocrx_word' id='word_1_159' title='bbox 1437 2125 1603 2206; x_wconf 91' lang='lat' dir='ltr'><strong>quod</strong></span> <span class='ocrx_word' id='word_1_160' title='bbox 1650 2146 1789 2186; x_wconf 88' lang='lat' dir='ltr'><strong>esse</strong></span> <span class='ocrx_word' id='word_1_161' title='bbox 1830 2127 2050 2185; x_wconf 84' lang='lat' dir='ltr'><strong>volunt</strong></span> <span class='ocrx_word' id='word_1_162' title='bbox 2090 2130 2202 2183; x_wconf 79' lang='lat' dir='ltr'><strong>mei</strong></span> <span class='ocrx_word' id='word_1_163' title='bbox 2236 2131 2295 2184; x_wconf 79' lang='lat' dir='ltr'><strong>in</strong></span> <span class='ocrx_word' id='word_1_164' title='bbox 2339 2135 2390 2184; x_wconf 79' lang='lat' dir='ltr'><strong>te</strong></span> 
     </span>
     <span class='ocr_line' id='line_1_19' title="bbox 161 2219 2389 2312; baseline 0.003 -32"><span class='ocrx_word' id='word_1_165' title='bbox 161 2229 368 2283; x_wconf 63' lang='lat' dir='ltr'><strong>amoris.</strong></span> <span class='ocrx_word' id='word_1_166' title='bbox 397 2219 448 2302; x_wconf 76' lang='grc'><strong>2)</strong></span> <span class='ocrx_word' id='word_1_167' title='bbox 541 2245 654 2304; x_wconf 89' lang='lat' dir='ltr'><strong>pro</strong></span> <span class='ocrx_word' id='word_1_168' title='bbox 709 2243 900 2284; x_wconf 84' lang='lat' dir='ltr'><strong>amore</strong></span> <span class='ocrx_word' id='word_1_169' title='bbox 953 2234 1022 2285; x_wconf 87' lang='lat' dir='ltr'><strong>ut</strong></span> <span class='ocrx_word' id='word_1_170' title='bbox 1073 2230 1216 2301; x_wconf 64' lang='lat' dir='ltr'><strong>ignis</strong></span> <span class='ocrx_word' id='word_1_171' title='bbox 1277 2226 1384 2286; x_wconf 81' lang='lat' dir='ltr'><strong>vel</strong></span> <span class='ocrx_word' id='word_1_172' title='bbox 1438 2230 1675 2302; x_wconf 82' lang='lat' dir='ltr'><strong>flamma</strong></span> <span class='ocrx_word' id='word_1_173' title='bbox 1733 2226 1901 2286; x_wconf 89' lang='lat' dir='ltr'><strong>nude</strong></span> <span class='ocrx_word' id='word_1_174' title='bbox 1957 2234 2255 2312; x_wconf 71' lang='lat' dir='ltr'><strong>ponatur,</strong></span> <span class='ocrx_word' id='word_1_175' title='bbox 2321 2227 2389 2286; x_wconf 89' lang='lat' dir='ltr'><strong>id</strong></span> 
     </span>
     <span class='ocr_line' id='line_1_20' title="bbox 159 2325 2386 2408; baseline 0.002 -26"><span class='ocrx_word' id='word_1_176' title='bbox 159 2325 392 2386; x_wconf 85' lang='lat' dir='ltr'><strong>Latinis</strong></span> <span class='ocrx_word' id='word_1_177' title='bbox 457 2327 721 2386; x_wconf 85' lang='lat' dir='ltr'><strong>maxime</strong></span> <span class='ocrx_word' id='word_1_178' title='bbox 793 2327 994 2406; x_wconf 90' lang='lat' dir='ltr'><strong>poetis</strong></span> <span class='ocrx_word' id='word_1_179' title='bbox 1065 2328 1527 2388; x_wconf 85' lang='lat' dir='ltr'><strong>usitatissimum</strong></span> <span class='ocrx_word' id='word_1_180' title='bbox 1593 2337 1706 2390; x_wconf 89' lang='lat' dir='ltr'><strong>est.</strong></span> <span class='ocrx_word' id='word_1_181' title='bbox 1798 2337 1859 2388; x_wconf 88' lang='lat' dir='ltr'><strong>et</strong></span> <span class='ocrx_word' id='word_1_182' title='bbox 1930 2328 2131 2408; x_wconf 88' lang='lat' dir='ltr'><strong>potuit</strong></span> <span class='ocrx_word' id='word_1_183' title='bbox 2202 2328 2386 2387; x_wconf 88' lang='lat' dir='ltr'><strong>etiam</strong></span> 
     </span>
     <span class='ocr_line' id='line_1_21' title="bbox 162 2415 2381 2508; baseline 0.003 -23"><span class='ocrx_word' id='word_1_184' title='bbox 162 2429 380 2506; x_wconf 85' lang='lat' dir='ltr'><strong>optime</strong></span> <span class='ocrx_word' id='word_1_185' title='bbox 435 2449 474 2488; x_wconf 88' lang='lat' dir='ltr'><strong>a</strong></span> <span class='ocrx_word' id='word_1_186' title='bbox 527 2429 731 2508; x_wconf 88' lang='lat' dir='ltr'><strong>poetis</strong></span> <span class='ocrx_word' id='word_1_187' title='bbox 789 2428 911 2488; x_wconf 84' lang='lat' dir='ltr'><strong>diei</strong></span> <span class='ocrx_word' id='word_1_188' title='bbox 975 2415 1042 2486; x_wconf 80' lang='grc' dir='ltr'><strong>τὸ</strong></span> <span class='ocrx_word' id='word_1_189' title='bbox 1083 2427 1204 2507; x_wconf 84' lang='grc' dir='ltr'><strong><em>πῦρ</em></strong></span> <span class='ocrx_word' id='word_1_190' title='bbox 1250 2445 1390 2504; x_wconf 84' lang='grc' dir='ltr'><strong><em>σου,</em></strong></span> <span class='ocrx_word' id='word_1_191' title='bbox 1440 2434 1674 2504; x_wconf 77' lang='lat' dir='ltr'><strong>flamma</strong></span> <span class='ocrx_word' id='word_1_192' title='bbox 1716 2435 1827 2489; x_wconf 79' lang='lat' dir='ltr'><strong>mei</strong></span> <span class='ocrx_word' id='word_1_193' title='bbox 1876 2449 2013 2506; x_wconf 75' lang='lat' dir='ltr'><strong>erya</strong></span> <span class='ocrx_word' id='word_1_194' title='bbox 2054 2439 2109 2490; x_wconf 81' lang='lat' dir='ltr'><strong>te</strong></span> <span class='ocrx_word' id='word_1_195' title='bbox 2152 2435 2381 2491; x_wconf 76' lang='lat' dir='ltr'><strong>amoris.</strong></span> 
     </span>
     <span class='ocr_line' id='line_1_22' title="bbox 160 2529 1429 2610; baseline 0.002 -23"><span class='ocrx_word' id='word_1_196' title='bbox 160 2539 314 2590; x_wconf 81' lang='lat' dir='ltr'><strong>certe</strong></span> <span class='ocrx_word' id='word_1_197' title='bbox 358 2529 704 2610; x_wconf 79' lang='lat' dir='ltr'><strong>Sophocles</strong></span> <span class='ocrx_word' id='word_1_198' title='bbox 747 2530 1016 2591; x_wconf 80' lang='lat' dir='ltr'><strong>Philoot.</strong></span> <span class='ocrx_word' id='word_1_199' title='bbox 1063 2540 1198 2594; x_wconf 83' lang='lat'><strong>1039</strong></span> <span class='ocrx_word' id='word_1_200' title='bbox 1244 2530 1429 2591; x_wconf 81' lang='lat' dir='ltr'><strong>dixit:</strong></span> 
     </span>
    </p>
   </div>
   <div class='ocr_carea' id='block_1_3' title="bbox 495 2649 1837 2743">
    <p class='ocr_par' dir='ltr' id='par_1_3' title="bbox 495 2649 1837 2743">
     <span class='ocr_line' id='line_1_23' title="bbox 495 2649 1837 2743; baseline 0.001 -21"><span class='ocrx_word' id='word_1_201' title='bbox 495 2662 550 2722; x_wconf 83' lang='grc' dir='ltr'><strong>εἰ</strong></span> <span class='ocrx_word' id='word_1_202' title='bbox 589 2653 675 2742; x_wconf 79' lang='grc' dir='ltr'><strong>μή</strong></span> <span class='ocrx_word' id='word_1_203' title='bbox 715 2685 772 2722; x_wconf 84' lang='grc' dir='ltr'><strong>τι</strong></span> <span class='ocrx_word' id='word_1_204' title='bbox 815 2660 1064 2743; x_wconf 80' lang='grc' dir='ltr'><strong><em>κέντρον</em></strong></span> <span class='ocrx_word' id='word_1_205' title='bbox 1107 2668 1284 2723; x_wconf 78' lang='grc' dir='ltr'><strong><em>θεῖον</em></strong></span> <span class='ocrx_word' id='word_1_206' title='bbox 1325 2649 1425 2743; x_wconf 78' lang='grc' dir='ltr'><strong>ἦγ’</strong></span> <span class='ocrx_word' id='word_1_207' title='bbox 1474 2655 1631 2742; x_wconf 75' lang='grc' dir='ltr'><strong><em>ὑμᾶς</em></strong></span> <span class='ocrx_word' id='word_1_208' title='bbox 1674 2661 1837 2742; x_wconf 75' lang='grc' dir='ltr'><strong><em>ἐμοῦ.</em></strong></span> 
     </span>
    </p>
   </div>
   <div class='ocr_carea' id='block_1_4' title="bbox 159 2801 2389 3695">
    <p class='ocr_par' dir='ltr' id='par_1_4' title="bbox 159 2801 2389 3695">
     <span class='ocr_line' id='line_1_24' title="bbox 159 2801 2383 2882; baseline 0.001 -24"><span class='ocrx_word' id='word_1_209' title='bbox 159 2805 408 2860; x_wconf 78' lang='lat' dir='ltr'><strong>divinitus</strong></span> <span class='ocrx_word' id='word_1_210' title='bbox 434 2805 732 2860; x_wconf 77' lang='lat' dir='ltr'><strong>immissum</strong></span> <span class='ocrx_word' id='word_1_211' title='bbox 761 2807 872 2860; x_wconf 83' lang='lat' dir='ltr'><strong>mei</strong></span> <span class='ocrx_word' id='word_1_212' title='bbox 896 2804 1228 2860; x_wconf 78' lang='lat' dir='ltr'><strong>desiderium</strong></span> <span class='ocrx_word' id='word_1_213' title='bbox 1267 2801 1711 2882; x_wconf 83' lang='lat' dir='ltr'><strong>interpretatur</strong></span> <span class='ocrx_word' id='word_1_214' title='bbox 1738 2802 2153 2861; x_wconf 77' lang='lat' dir='ltr'><strong>HermannuS.</strong></span> <span class='ocrx_word' id='word_1_215' title='bbox 2205 2801 2383 2861; x_wconf 76' lang='lat' dir='ltr'><strong>&#39;unde</strong></span> 
     </span>
     <span class='ocr_line' id='line_1_25' title="bbox 159 2891 2385 2983; baseline 0.002 -23"><span class='ocrx_word' id='word_1_216' title='bbox 159 2902 320 2963; x_wconf 83' lang='lat' dir='ltr'><strong>licuit</strong></span> <span class='ocrx_word' id='word_1_217' title='bbox 352 2922 597 2983; x_wconf 83' lang='lat' dir='ltr'><strong>quoque</strong></span> <span class='ocrx_word' id='word_1_218' title='bbox 627 2891 694 2961; x_wconf 84' lang='grc' dir='ltr'>τό</span> <span class='ocrx_word' id='word_1_219' title='bbox 725 2895 834 2962; x_wconf 81' lang='grc' dir='ltr'><strong>σὸν</strong></span> <span class='ocrx_word' id='word_1_220' title='bbox 864 2899 1073 2982; x_wconf 76' lang='grc' dir='ltr'><strong><em>πῦρ.3)</em></strong></span> <span class='ocrx_word' id='word_1_221' title='bbox 1135 2905 1335 2964; x_wconf 88' lang='lat' dir='ltr'><strong>minus</strong></span> <span class='ocrx_word' id='word_1_222' title='bbox 1365 2923 1516 2964; x_wconf 83' lang='lat' dir='ltr'><strong>vero</strong></span> <span class='ocrx_word' id='word_1_223' title='bbox 1550 2912 2034 2965; x_wconf 83' lang='lat' dir='ltr'><strong>consentaneum</strong></span> <span class='ocrx_word' id='word_1_224' title='bbox 2066 2913 2177 2978; x_wconf 88' lang='lat' dir='ltr'><strong>est,</strong></span> <span class='ocrx_word' id='word_1_225' title='bbox 2222 2913 2291 2963; x_wconf 92' lang='lat' dir='ltr'><strong>ut</strong></span> <span class='ocrx_word' id='word_1_226' title='bbox 2318 2905 2385 2965; x_wconf 89' lang='lat' dir='ltr'><strong>in</strong></span> 
     </span>
     <span class='ocr_line' id='line_1_26' title="bbox 159 3005 2383 3086; baseline 0.001 -23"><span class='ocrx_word' id='word_1_227' title='bbox 159 3005 366 3065; x_wconf 84' lang='lat' dir='ltr'><strong>eadem</strong></span> <span class='ocrx_word' id='word_1_228' title='bbox 394 3005 706 3065; x_wconf 85' lang='lat' dir='ltr'><strong>locutione</strong></span> <span class='ocrx_word' id='word_1_229' title='bbox 733 3008 946 3081; x_wconf 82' lang='lat' dir='ltr'><strong>fulmen</strong></span> <span class='ocrx_word' id='word_1_230' title='bbox 975 3006 1394 3079; x_wconf 81' lang='lat' dir='ltr'><strong>substituatur,</strong></span> <span class='ocrx_word' id='word_1_231' title='bbox 1430 3025 1548 3067; x_wconf 82' lang='lat' dir='ltr'><strong>nee</strong></span> <span class='ocrx_word' id='word_1_232' title='bbox 1579 3015 1786 3086; x_wconf 87' lang='lat' dir='ltr'><strong>potest</strong></span> <span class='ocrx_word' id='word_1_233' title='bbox 1812 3005 2224 3067; x_wconf 78' lang='lat' dir='ltr'><strong>Callimachus</strong></span> <span class='ocrx_word' id='word_1_234' title='bbox 2255 3007 2383 3066; x_wconf 87' lang='lat' dir='ltr'><strong>tale</strong></span> 
     </span>
     <span class='ocr_line' id='line_1_27' title="bbox 161 3105 2385 3188; baseline 0.001 -25"><span class='ocrx_word' id='word_1_235' title='bbox 161 3105 491 3168; x_wconf 82' lang='lat' dir='ltr'><strong>admisisse.</strong></span> <span class='ocrx_word' id='word_1_236' title='bbox 583 3127 764 3186; x_wconf 87' lang='lat' dir='ltr'><strong>quem</strong></span> <span class='ocrx_word' id='word_1_237' title='bbox 827 3109 1106 3187; x_wconf 83' lang='lat' dir='ltr'><strong>suspicor</strong></span> <span class='ocrx_word' id='word_1_238' title='bbox 1160 3108 1277 3167; x_wconf 83' lang='lat' dir='ltr'><strong>hoo</strong></span> <span class='ocrx_word' id='word_1_239' title='bbox 1333 3108 1469 3168; x_wconf 82' lang='lat' dir='ltr'><strong>loco</strong></span> <span class='ocrx_word' id='word_1_240' title='bbox 1526 3109 1733 3188; x_wconf 87' lang='lat' dir='ltr'><strong>potius</strong></span> <span class='ocrx_word' id='word_1_241' title='bbox 1799 3129 2167 3168; x_wconf 82' lang='lat' dir='ltr'><strong>memorasse</strong></span> <span class='ocrx_word' id='word_1_242' title='bbox 2224 3126 2385 3166; x_wconf 87' lang='lat' dir='ltr'><strong>ama-</strong></span> 
     </span>
     <span class='ocr_line' id='line_1_28' title="bbox 159 3208 2385 3290; baseline 0 -23"><span class='ocrx_word' id='word_1_243' title='bbox 159 3209 365 3268; x_wconf 86' lang='lat' dir='ltr'><strong>toriam</strong></span> <span class='ocrx_word' id='word_1_244' title='bbox 405 3209 707 3270; x_wconf 86' lang='lat' dir='ltr'><strong>flammam</strong></span> <span class='ocrx_word' id='word_1_245' title='bbox 753 3209 1083 3290; x_wconf 80' lang='lat' dir='ltr'><strong>Cydippae</strong></span> <span class='ocrx_word' id='word_1_246' title='bbox 1141 3211 1435 3287; x_wconf 81' lang='grc' dir='ltr'><strong>πρηστῆρι</strong></span> <span class='ocrx_word' id='word_1_247' title='bbox 1496 3217 1719 3280; x_wconf 88' lang='lat' dir='ltr'><strong>ortam,</strong></span> <span class='ocrx_word' id='word_1_248' title='bbox 1785 3209 1853 3268; x_wconf 93' lang='lat' dir='ltr'><strong>id</strong></span> <span class='ocrx_word' id='word_1_249' title='bbox 1910 3217 2003 3268; x_wconf 85' lang='lat' dir='ltr'><strong>est</strong></span> <span class='ocrx_word' id='word_1_250' title='bbox 2060 3229 2139 3268; x_wconf 84' lang='lat' dir='ltr'><strong>ex</strong></span> <span class='ocrx_word' id='word_1_251' title='bbox 2195 3208 2385 3268; x_wconf 84' lang='lat' dir='ltr'><strong>oeulis</strong></span> 
     </span>
     <span class='ocr_line' id='line_1_29' title="bbox 159 3308 2389 3392; baseline 0.002 -26"><span class='ocrx_word' id='word_1_252' title='bbox 159 3310 308 3372; x_wconf 80' lang='lat' dir='ltr'><strong>illius</strong></span> <span class='ocrx_word' id='word_1_253' title='bbox 356 3312 532 3392; x_wconf 86' lang='lat' dir='ltr'><strong>quasi</strong></span> <span class='ocrx_word' id='word_1_254' title='bbox 575 3312 833 3371; x_wconf 87' lang='lat' dir='ltr'><strong>fulmina</strong></span> <span class='ocrx_word' id='word_1_255' title='bbox 875 3312 1328 3391; x_wconf 84' lang='lat' dir='ltr'><strong>spargentibus.</strong></span> <span class='ocrx_word' id='word_1_256' title='bbox 1410 3308 1671 3371; x_wconf 85' lang='lat' dir='ltr'><strong>Ovidius</strong></span> <span class='ocrx_word' id='word_1_257' title='bbox 1714 3311 1847 3370; x_wconf 91' lang='lat' dir='ltr'><strong>XX</strong></span> <span class='ocrx_word' id='word_1_258' title='bbox 1890 3321 1957 3373; x_wconf 87' lang='lat'><strong>55</strong></span> <span class='ocrx_word' id='word_1_259' title='bbox 2002 3329 2094 3390; x_wconf 87' lang='lat' dir='ltr'><strong>sq.</strong></span> <span class='ocrx_word' id='word_1_260' title='bbox 2142 3319 2199 3368; x_wconf 80' lang='lat' dir='ltr'><strong>iu</strong></span> <span class='ocrx_word' id='word_1_261' title='bbox 2238 3312 2389 3385; x_wconf 81' lang='lat' dir='ltr'><strong>facis</strong></span> 
     </span>
     <span class='ocr_line' id='line_1_30' title="bbox 161 3413 2388 3489; baseline 0.001 -19"><span class='ocrx_word' id='word_1_262' title='bbox 161 3413 251 3470; x_wconf 76' lang='lat' dir='ltr'><strong>hoc</strong></span> <span class='ocrx_word' id='word_1_263' title='bbox 311 3419 560 3489; x_wconf 80' lang='lat' dir='ltr'><strong>oculique</strong></span> <span class='ocrx_word' id='word_1_264' title='bbox 623 3419 731 3488; x_wconf 81' lang='lat' dir='ltr'><strong>tui,</strong></span> <span class='ocrx_word' id='word_1_265' title='bbox 801 3416 994 3488; x_wconf 72' lang='lat' dir='ltr'><strong>quibus</strong></span> <span class='ocrx_word' id='word_1_266' title='bbox 1054 3418 1218 3488; x_wconf 74' lang='lat' dir='ltr'><strong>iynea</strong></span> <span class='ocrx_word' id='word_1_267' title='bbox 1274 3417 1480 3472; x_wconf 78' lang='lat' dir='ltr'><strong>cedunt</strong></span> <span class='ocrx_word' id='word_1_268' title='bbox 1532 3413 1541 3482; x_wconf 92' lang='grc' dir='ltr'>Ι</span> <span class='ocrx_word' id='word_1_269' title='bbox 1599 3416 1785 3470; x_wconf 82' lang='lat' dir='ltr'><strong>sidera</strong></span> <span class='ocrx_word' id='word_1_270' title='bbox 1804 3457 1819 3483; x_wconf 90' lang='lat'><strong>,</strong></span> <span class='ocrx_word' id='word_1_271' title='bbox 1880 3417 1998 3488; x_wconf 82' lang='lat' dir='ltr'><strong>qui</strong></span> <span class='ocrx_word' id='word_1_272' title='bbox 2055 3415 2388 3488; x_wconf 81' lang='lat' dir='ltr'><strong>flammae</strong></span> 
     </span>
     <span class='ocr_line' id='line_1_31' title="bbox 161 3517 2386 3591; baseline 0.001 -21"><span class='ocrx_word' id='word_1_273' title='bbox 161 3531 362 3574; x_wconf 77' lang='lat' dir='ltr'><strong>causa</strong></span> <span class='ocrx_word' id='word_1_274' title='bbox 421 3517 636 3591; x_wconf 77' lang='lat' dir='ltr'><strong>fuere</strong></span> <span class='ocrx_word' id='word_1_275' title='bbox 691 3533 894 3573; x_wconf 81' lang='lat' dir='ltr'><strong>meae.</strong></span> <span class='ocrx_word' id='word_1_276' title='bbox 997 3523 1059 3574; x_wconf 92' lang='lat' dir='ltr'><strong>et</strong></span> <span class='ocrx_word' id='word_1_277' title='bbox 1117 3522 1244 3579; x_wconf 87' lang='lat'>119:</span> <span class='ocrx_word' id='word_1_278' title='bbox 1310 3521 1608 3576; x_wconf 76' lang='lat' dir='ltr'><strong>serventur</strong></span> <span class='ocrx_word' id='word_1_279' title='bbox 1670 3519 1847 3574; x_wconf 77' lang='lat' dir='ltr'><strong>vultus</strong></span> <span class='ocrx_word' id='word_1_280' title='bbox 1909 3517 1987 3572; x_wconf 80' lang='lat' dir='ltr'><strong>ad</strong></span> <span class='ocrx_word' id='word_1_281' title='bbox 2050 3521 2249 3573; x_wconf 80' lang='lat' dir='ltr'><strong>nostra</strong></span> <span class='ocrx_word' id='word_1_282' title='bbox 2303 3520 2386 3573; x_wconf 79' lang='lat' dir='ltr'><strong>in-</strong></span> 
     </span>
     <span class='ocr_line' id='line_1_32' title="bbox 161 3602 2386 3695; baseline 0 -23"><span class='ocrx_word' id='word_1_283' title='bbox 161 3619 340 3674; x_wconf 76' lang='lat' dir='ltr'><strong>cendia</strong></span> <span class='ocrx_word' id='word_1_284' title='bbox 409 3621 544 3674; x_wconf 82' lang='lat' dir='ltr'><strong>nati.</strong></span> <span class='ocrx_word' id='word_1_285' title='bbox 643 3616 1025 3678; x_wconf 85' lang='lat' dir='ltr'><strong>Heliodorus</strong></span> <span class='ocrx_word' id='word_1_286' title='bbox 1086 3617 1121 3676; x_wconf 91' lang='lat'>1</span> <span class='ocrx_word' id='word_1_287' title='bbox 1173 3626 1237 3678; x_wconf 81' lang='lat'><strong>2:</strong></span> <span class='ocrx_word' id='word_1_288' title='bbox 1311 3602 1505 3695; x_wconf 73' lang='grc' dir='ltr'><strong><em>ὥσπερ</em></strong></span> <span class='ocrx_word' id='word_1_289' title='bbox 1578 3606 1719 3676; x_wconf 80' lang='grc' dir='ltr'><strong>ὑπὸ</strong></span> <span class='ocrx_word' id='word_1_290' title='bbox 1787 3615 2209 3693; x_wconf 82' lang='grc' dir='ltr'><strong><em>πρηστῆρος</em></strong></span> <span class='ocrx_word' id='word_1_291' title='bbox 2280 3616 2386 3691; x_wconf 83' lang='grc' dir='ltr'><strong>τῆς</strong></span> 
     </span>
    </p>
   </div>
   <div class='ocr_carea' id='block_1_5' title="bbox 164 3767 550 3778">
    <p class='ocr_par' dir='ltr' id='par_1_5' title="bbox 164 3767 550 3778">
     <span class='ocr_line' id='line_1_33' title="bbox 164 3767 550 3778; baseline 0 1214"><span class='ocrx_word' id='word_1_292' title='bbox 164 3767 550 3778; x_wconf 95' lang='lat' dir='ltr'><strong> </strong></span> 
     </span>
    </p>
   </div>
   <div class='ocr_carea' id='block_1_6' title="bbox 165 3849 2383 4345">
    <p class='ocr_par' dir='ltr' id='par_1_6' title="bbox 167 3849 2383 4081">
     <span class='ocr_line' id='line_1_34' title="bbox 283 3849 2383 3916; baseline -0.001 -14"><span class='ocrx_word' id='word_1_293' title='bbox 283 3849 324 3916; x_wconf 85' lang='lat'><strong>¹)</strong></span> <span class='ocrx_word' id='word_1_294' title='bbox 359 3853 534 3903; x_wconf 83' lang='lat' dir='ltr'><strong>Recte</strong></span> <span class='ocrx_word' id='word_1_295' title='bbox 577 3851 680 3902; x_wconf 86' lang='lat' dir='ltr'><strong>illa</strong></span> <span class='ocrx_word' id='word_1_296' title='bbox 720 3850 1116 3903; x_wconf 84' lang='lat' dir='ltr'><strong>intellexerunt</strong></span> <span class='ocrx_word' id='word_1_297' title='bbox 1159 3852 1415 3903; x_wconf 83' lang='lat' dir='ltr'><strong>Pauwius</strong></span> <span class='ocrx_word' id='word_1_298' title='bbox 1458 3853 1799 3903; x_wconf 83' lang='lat' dir='ltr'><strong>Abresehius</strong></span> <span class='ocrx_word' id='word_1_299' title='bbox 1832 3851 2245 3902; x_wconf 75' lang='lat' dir='ltr'><strong>BoissonadiuS.</strong></span> <span class='ocrx_word' id='word_1_300' title='bbox 2307 3852 2383 3901; x_wconf 83' lang='lat' dir='ltr'><strong>cf.</strong></span> 
     </span>
     <span class='ocr_line' id='line_1_35' title="bbox 169 3933 2383 4002; baseline 0.001 -20"><span class='ocrx_word' id='word_1_301' title='bbox 169 3933 318 3985; x_wconf 79' lang='lat' dir='ltr'><strong>etiam</strong></span> <span class='ocrx_word' id='word_1_302' title='bbox 353 3935 620 3987; x_wconf 81' lang='lat' dir='ltr'><strong>Cobetum</strong></span> <span class='ocrx_word' id='word_1_303' title='bbox 655 3935 694 3986; x_wconf 93' lang='lat'><strong>1.</strong></span> <span class='ocrx_word' id='word_1_304' title='bbox 733 3952 780 3987; x_wconf 83' lang='lat' dir='ltr'><strong>c.</strong></span> <span class='ocrx_word' id='word_1_305' title='bbox 816 3953 870 4002; x_wconf 88' lang='lat' dir='ltr'><strong>p.</strong></span> <span class='ocrx_word' id='word_1_306' title='bbox 899 3938 1015 3991; x_wconf 85' lang='lat'><strong>153.</strong></span> <span class='ocrx_word' id='word_1_307' title='bbox 1053 3951 1379 4001; x_wconf 81' lang='lat' dir='ltr'><strong>quamquam</strong></span> <span class='ocrx_word' id='word_1_308' title='bbox 1413 3937 1577 3988; x_wconf 85' lang='lat' dir='ltr'><strong>huius</strong></span> <span class='ocrx_word' id='word_1_309' title='bbox 1614 3937 1859 3987; x_wconf 87' lang='lat' dir='ltr'><strong>narratio</strong></span> <span class='ocrx_word' id='word_1_310' title='bbox 1895 3951 2003 3986; x_wconf 90' lang='lat' dir='ltr'><strong>non</strong></span> <span class='ocrx_word' id='word_1_311' title='bbox 2040 3951 2177 4000; x_wconf 86' lang='lat' dir='ltr'><strong>pura</strong></span> <span class='ocrx_word' id='word_1_312' title='bbox 2215 3936 2383 3999; x_wconf 88' lang='lat' dir='ltr'><strong>atque</strong></span> 
     </span>
     <span class='ocr_line' id='line_1_36' title="bbox 167 4020 1625 4086; baseline 0.003 -18"><span class='ocrx_word' id='word_1_313' title='bbox 167 4024 314 4081; x_wconf 83' lang='lat' dir='ltr'><strong>grata</strong></span> <span class='ocrx_word' id='word_1_314' title='bbox 347 4020 487 4086; x_wconf 83' lang='lat' dir='ltr'><strong>fluit,</strong></span> <span class='ocrx_word' id='word_1_315' title='bbox 523 4021 624 4072; x_wconf 86' lang='lat' dir='ltr'><strong>sed</strong></span> <span class='ocrx_word' id='word_1_316' title='bbox 659 4021 930 4072; x_wconf 79' lang='lat' dir='ltr'><strong>conviciis</strong></span> <span class='ocrx_word' id='word_1_317' title='bbox 964 4022 1297 4072; x_wconf 83' lang='lat' dir='ltr'><strong>intermixtis</strong></span> <span class='ocrx_word' id='word_1_318' title='bbox 1332 4021 1625 4073; x_wconf 88' lang='lat' dir='ltr'><strong>lutulenta.</strong></span> 
     </span>
    </p>

    <p class='ocr_par' dir='ltr' id='par_1_7' title="bbox 165 4102 2379 4256">
     <span class='ocr_line' id='line_1_37' title="bbox 281 4102 2379 4173; baseline 0.001 -19"><span class='ocrx_word' id='word_1_319' title='bbox 281 4103 322 4168; x_wconf 86' lang='lat'><strong>²)</strong></span> <span class='ocrx_word' id='word_1_320' title='bbox 348 4105 472 4156; x_wconf 86' lang='lat' dir='ltr'><strong>Hoc</strong></span> <span class='ocrx_word' id='word_1_321' title='bbox 491 4120 652 4156; x_wconf 90' lang='lat' dir='ltr'><strong>nemo</strong></span> <span class='ocrx_word' id='word_1_322' title='bbox 673 4105 1036 4170; x_wconf 80' lang='lat' dir='ltr'><strong>interpretum</strong></span> <span class='ocrx_word' id='word_1_323' title='bbox 1057 4106 1424 4173; x_wconf 84' lang='lat' dir='ltr'><strong>probabiliter</strong></span> <span class='ocrx_word' id='word_1_324' title='bbox 1449 4104 1713 4171; x_wconf 89' lang='lat' dir='ltr'><strong>expediit.</strong></span> <span class='ocrx_word' id='word_1_325' title='bbox 1742 4104 1821 4155; x_wconf 80' lang='lat' dir='ltr'><strong>ef.</strong></span> <span class='ocrx_word' id='word_1_326' title='bbox 1842 4103 2201 4155; x_wconf 82' lang='lat' dir='ltr'><strong>Abresehium</strong></span> <span class='ocrx_word' id='word_1_327' title='bbox 2225 4102 2379 4157; x_wconf 82' lang='lat' dir='ltr'><strong>lectt.</strong></span> 
     </span>
     <span class='ocr_line' id='line_1_38' title="bbox 165 4184 1353 4256; baseline 0.007 -22"><span class='ocrx_word' id='word_1_328' title='bbox 165 4184 430 4240; x_wconf 83' lang='lat' dir='ltr'><strong>Aristaen.</strong></span> <span class='ocrx_word' id='word_1_329' title='bbox 455 4205 511 4255; x_wconf 88' lang='lat' dir='ltr'><strong>p.</strong></span> <span class='ocrx_word' id='word_1_330' title='bbox 552 4191 635 4254; x_wconf 85' lang='lat'><strong>51,</strong></span> <span class='ocrx_word' id='word_1_331' title='bbox 677 4189 947 4241; x_wconf 85' lang='lat' dir='ltr'><strong>Cobetum</strong></span> <span class='ocrx_word' id='word_1_332' title='bbox 981 4191 1018 4244; x_wconf 90' lang='lat'><strong>1.</strong></span> <span class='ocrx_word' id='word_1_333' title='bbox 1060 4206 1105 4242; x_wconf 85' lang='lat' dir='ltr'><strong>c.</strong></span> <span class='ocrx_word' id='word_1_334' title='bbox 1147 4208 1200 4256; x_wconf 93' lang='lat' dir='ltr'><strong>p.</strong></span> <span class='ocrx_word' id='word_1_335' title='bbox 1239 4191 1353 4244; x_wconf 82' lang='lat'><strong>153.</strong></span> 
     </span>
    </p>

    <p class='ocr_par' dir='ltr' id='par_1_8' title="bbox 285 4271 1997 4345">
     <span class='ocr_line' id='line_1_39' title="bbox 285 4271 1997 4345; baseline -0.001 -19"><span class='ocrx_word' id='word_1_336' title='bbox 285 4271 326 4338; x_wconf 79' lang='lat'><strong>³)</strong></span> <span class='ocrx_word' id='word_1_337' title='bbox 363 4273 450 4326; x_wconf 82' lang='lat' dir='ltr'><strong>cf.</strong></span> <span class='ocrx_word' id='word_1_338' title='bbox 489 4273 970 4328; x_wconf 80' lang='lat' dir='ltr'><strong>Schneidewinum</strong></span> <span class='ocrx_word' id='word_1_339' title='bbox 1009 4280 1064 4327; x_wconf 90' lang='lat' dir='ltr'><strong>et</strong></span> <span class='ocrx_word' id='word_1_340' title='bbox 1097 4275 1409 4328; x_wconf 82' lang='lat' dir='ltr'><strong>Nauckium</strong></span> <span class='ocrx_word' id='word_1_341' title='bbox 1447 4273 1518 4326; x_wconf 90' lang='lat' dir='ltr'><strong>ad</strong></span> <span class='ocrx_word' id='word_1_342' title='bbox 1554 4273 1719 4345; x_wconf 83' lang='lat' dir='ltr'><strong>Soph.</strong></span> <span class='ocrx_word' id='word_1_343' title='bbox 1756 4274 1843 4325; x_wconf 85' lang='lat' dir='ltr'><strong>El.</strong></span> <span class='ocrx_word' id='word_1_344' title='bbox 1882 4273 1997 4331; x_wconf 83' lang='lat'><strong>343.</strong></span> 
     </span>
    </p>
   </div>
  </div>
 </body>
</html>
