2917 4992
1121 304 1584 368 -151—

464 478 652 537 miror
697 485 760 537 et
802 477 869 536 in
916 477 1149 538 cunctis
1195 479 1426 537 stantia
1470 478 1651 556 signa
1692 478 1875 553 lociS,

381 581 566 639 miror
609 587 673 639 et
717 580 1054 638 innumeris
1099 585 1387 638 structam
1432 579 1512 639 de
1558 580 1841 640 cornibus
1888 600 2055 642 aram

240 691 348 742 100
478 689 540 740 et
588 681 667 740 de
715 700 836 761 qua
880 681 1130 759 pariens
1177 680 1396 740 arbore
1441 681 1591 740 nixa
1636 681 1830 755 «least,

387 789 449 840 et
494 801 652 861 quae
698 791 1054 861 praeterea,
1101 802 1309 862 neque
1356 784 1521 842 enim
1565 783 1895 842 meminive
1938 783 2171 844 libetve

389 939 396 945 .
470 882 761 963 quicquid
806 881 892 942 ibi
935 883 1067 942 vidi
1114 883 1351 957 dicere,
1397 885 1592 944 Delos
1636 884 1845 945 habet.

381 983 641 1043 forsitan
684 984 842 1062 haec
885 992 1176 1064 spectans
1223 1005 1259 1044 a
1302 993 1367 1044 te
1409 983 1770 1065 spectabar‚
1817 984 2078 1058 Aconti,

447 1086 721 1166 „visaque
766 1087 1126 1166 simplicitas
1174 1094 1268 1146 est
1308 1106 1447 1145 mea
1492 1106 1679 1165 posse
1723 1087 1880 1167 capi.

237 1197 342 1249 105
385 1187 449 1245 in
496 1188 788 1266 templum
831 1188 1022 1248 redeo
1069 1185 1360 1266 gradibus
1406 1186 1663 1248 sublime
1710 1189 1989 1248 Dianae:

462 1289 650 1348 tutior
691 1292 803 1348 hoc
849 1291 1060 1370 ecquis
1105 1288 1321 1349 debuit
1365 1308 1501 1348 esse
1544 1289 1760 1350 locus?

381 1391 637 1450 mittitur
681 1399 828 1450 ante
872 1390 1068 1471 pedes
1112 1391 1338 1450 malum
1383 1411 1515 1450 cum
1560 1393 1829 1450 carmine
1872 1391 1985 1451 tali
2027 1422 2109 1434 —

465 1492 522 1550 ei
566 1492 744 1566 mihi,
790 1492 986 1550 iuravi
1032 1512 1196 1552 nunc
1241 1512 1488 1573 quoque
1532 1511 1739 1572 paene
1783 1491 1931 1552 tibi!

379 1594 620 1652 sustulit
662 1593 780 1652 hoc
825 1594 1034 1654 nutrix
1074 1595 1418 1675 mirataque
1467 1593 1784 1674 ‘perlege'
1834 1593 2025 1652 dixit:

247 1703 344 1754 llo
465 1693 726 1754 insidias
771 1694 928 1772 legi,
975 1715 1199 1773 magne
1243 1701 1462 1775 poe’ta,
1508 1704 1664 1755 tuas.

378 1796 628 1854 nomine
674 1797 942 1874 coniugii
989 1796 1150 1856 dicto
1183 1797 1452 1858 -confusa
1496 1797 1735 1876 pudore

461 1898 630 1955 sensi
672 1916 771 1956 me
814 1898 958 1956 totis
1006 1895 1318 1958 erubuisse
1363 1899 1574 1977 genie,

380 1996 734 2078 luminaque
779 1999 846 2056 in
891 1999 1123 2076 gremio
1168 1998 1363 2058 veluti
1410 1999 1614 2058 defixa
1656 1997 1976 2072 tenebam,

465 2099 697 2157 lumina
740 2100 1045 2179 propositi
1089 2099 1254 2158 facta
1297 2100 1577 2158 ministra
1620 2099 1729 2159 tui.

251 2208 340 2259 115
383 2198 676 2278 inprobe,
726 2199 876 2279 quid
919 2200 1200 2278 gaudes?
1258 2208 1363 2260 aut
1407 2220 1568 2280 quae
1612 2198 1725 2259 tibi
1768 2199 1964 2277 gloria
2006 2207 2243 2278 partast
2279 2238 2289 2242 —

463 2300 694 2379 quidve
737 2301 834 2360 vir
880 2301 1052 2360 elusa
1094 2302 1338 2378 virgine
1382 2300 1581 2360 laudis
1624 2300 1861 2360 habes?

375 2422 503 2461 non
551 2420 664 2480 ego
712 2403 1103 2460 constiteram
1148 2410 1390 2481 sumpta
1432 2402 1670 2482 peltata
1714 2403 1943 2475 securi,

461 2503 660 2582 qualis
705 2503 770 2562 in
815 2503 1005 2562 Iliaco
1051 2504 1458 2563 Penthesilea
1502 2505 1654 2577 solo,

374 2603 578 2663 nullus
623 2603 964 2664 Amazonio
1013 2605 1282 2664 caelatus
1326 2603 1568 2663 balteus
1616 2624 1761 2663 auro
1776 2649 1791 2678 ,

247 2711 340 2764 120
465 2705 623 2763 sicut
665 2704 742 2763 ab
786 2706 1169 2785 Hippolyte,
1217 2705 1458 2784 praeda
1501 2706 1699 2764 relata
1742 2704 1935 2765 tibist.

371 2804 566 2864 verba
611 2805 758 2885 quid
805 2807 1044 2867 exultas
1087 2814 1194 2865 tua
1237 2808 1290 2866 si
1333 2807 1483 2866 mihi
1524 2804 1718 2865 verba
1764 2805 2099 2880 dederunt,

457 2924 714 2985 sumque
759 2927 974 2986 parum
1016 2908 1293 2987 prudens
1341 2917 1527 2989 capta
1570 2909 1781 2988 puella
1826 2906 2033 2968 dolis?

375 3006 713 3087 Cydippen
758 3028 1032 3086 pomum,
1079 3029 1327 3089 pomum
1371 3008 1775 3070 Schoeneida
1820 3010 2027 3089 cepitz

455 3116 522 3168 tu
566 3128 731 3168 nunc
773 3109 1206 3190 Hippomenes
1251 3111 1487 3171 scilicet
1532 3113 1688 3170 alter
1734 3110 1873 3170 eris.

245 3216 335 3270 125
379 3217 442 3268 at
486 3210 690 3269 fuerat
732 3211 980 3284 meliu8‚
1027 3211 1080 3269 si
1123 3218 1186 3270 te
1231 3231 1387 3290 puer
1429 3213 1547 3270 iste
1592 3209 1875 3284 tenebat,

461 3330 644 3391 quem
687 3319 756 3370 tu
799 3312 1008 3371 nescio
1057 3331 1208 3392 quas
1256 3311 1408 3371 dicis
1453 3311 1683 3371 habere
1728 3313 1930 3384 vices,

371 3431 539 3470 more
583 3410 761 3471 bonis
808 3413 992 3471 solito
1039 3432 1213 3491 spem
1256 3433 1384 3471 non
1431 3419 1819 3491 corrumpere
1865 3411 2123 3471 fraude:

370 3657 422 3696 v.
449 3648 547 3696 100
583 3653 634 3694 ec
669 3648 768 3696 dea
805 3663 904 3711 qua
933 3651 1150 3712 pariens
1185 3647 1372 3698 arbore
1407 3647 1537 3696 nixa
1568 3647 1673 3710 fuit
1705 3647 2068 3698 Burmannus.
2091 3671 2163 3686 ·—·
2194 3663 2247 3698 v.
2288 3648 2385 3697 106
2420 3655 2500 3698 et-

241 3730 343 3792 quis
376 3745 418 3790 r,
457 3731 635 3795 aequis
670 3746 720 3808 y.
748 3756 817 3766 —
849 3745 903 3784 v,
931 3732 1028 3782 109
1063 3732 1157 3782 hoc
1192 3733 1416 3782 coniunx
1450 3732 1540 3782 P3
1564 3747 1617 3782 v.
1650 3757 1707 3766 -—
1743 3747 1793 3781 v.
1825 3732 1921 3782 110
1954 3734 2064 3796 leye
2101 3733 2165 3784 L.
2189 3757 2255 3766 —-
2290 3745 2343 3780 v.
2372 3732 2469 3782 115

239 3813 453 3876 impr-obe
488 3814 650 3894 L‘P3
677 3831 704 3863 r
725 3830 778 3865 v.
813 3839 883 3852 ·-
917 3830 971 3866 v.
1009 3817 1104 3866 117
1139 3831 1318 3864 secure
1353 3815 1400 3864 L
1425 3816 1515 3868 P3
1540 3831 1605 3874 v,
1639 3817 1810 3865 securi
1840 3830 1885 3864 r.
1924 3841 1985 3850 —-
2022 3830 2075 3864 v.
2105 3817 2202 3865 119
2238 3814 2467 3865 baltheus

175 3993 185 4002 ,
240 3938 298 3987 L.
325 3967 388 3974 —
422 3957 476 3992 v.
505 3942 603 3991 120
627 3941 905 4005 Hippolita
930 3942 994 4004 L,
1021 3906 1284 4006 hippolytb
1307 3941 1416 4002 P3,
1441 3941 1693 4005 Hipolida
1715 3957 1765 3990 v.
1794 3967 1862 3975 -—-
1895 3956 1946 3990 v.
1974 3941 2069 3989 121
2096 3955 2175 4004 sq.
2203 3935 2468 4004 suspecti.

185 4043 196 4048 ’
244 4090 295 4102 -
332 4083 382 4116 v.
422 4069 520 4117 123
553 4069 801 4119 caeneida
834 4068 880 4117 P
893 4071 925 4118 3
949 4084 1010 4129 v,
1061 4067 1284 4118 Geneida
1319 4083 1465 4132 r,·—
1513 4083 1565 4118 v.
1604 4067 1702 4116 124
1736 4031 2061 4131 hippomznes
2094 4065 2212 4128 P3,
2258 4065 2465 4130 Hippo·

237 4165 398 4200 manes
433 4166 476 4212 r,
515 4151 843 4216 hippomanes
876 4167 928 4202 v,
963 4178 1030 4186 —-—
1064 4166 1116 4200 v.
1145 4152 1241 4200 126
1273 4152 1420 4215 faces
1442 4151 1489 4201 L
1515 4151 1604 4200 P3
1630 4167 1657 4199 r
1680 4166 1742 4212 v,
1780 4149 1982 4214 scripsi
2014 4151 2168 4200 vices.
2220 4149 2294 4199 cf.
2324 4163 2467 4214 quae

241 4233 512 4299 disputavi
547 4251 600 4300 p.
639 4236 721 4286 62.
759 4263 821 4270 —
859 4251 912 4286 v.
941 4236 1036 4285 127
1072 4234 1190 4285 boni
1210 4237 1360 4285 solito
1383 4235 1473 4286 Ps
1497 4251 1524 4284 r
1546 4251 1599 4294 v,
1631 4235 1785 4300 proci
1814 4235 1963 4284 solito
1999 4233 2303 4284 Bentleius.
