2917 4992
1405 329 1831 394 -98-

674 506 752 566 In
796 500 1143 586 tamthilari
1187 505 1372 584 igitur
1415 504 1875 586 splendidaque
1918 525 2149 585 pompa

354 633 479 676 XVII
907 621 1048 684 ουδὲ
1089 614 1204 702 βοὴ
1246 618 1510 703 κήρυκος
1552 617 1818 683 ἕλίνῦσεν
1840 620 1914 703 ¹).

507 746 586 806 cf.
621 754 808 825 etym.
840 765 918 804 m.
951 765 1014 824 p.
1045 753 1168 818 330,
1199 753 1297 807 54:
1345 735 1634 817 ἐλινύειν,
1674 731 1912 822 ἀργεῖν,
1956 736 2279 819 σχολάζειν.
2344 741 2747 820 Καλλίμαχος·

507 837 649 906 οὐδὲ
692 837 809 924 βοή
853 867 906 906 e.
941 865 1000 926 q.
1033 867 1082 906 s.
1133 845 1403 925 (Gallim.
1451 845 1569 924 frg.
1600 843 1754 924 248).
1842 865 2112 926 namque
2144 846 2505 906 Plutarchus
2536 853 2751 904 narrat

511 958 775 1030 quaestt.
833 947 942 1010 Gr.
998 967 1050 1007 c.
1095 956 1195 1011 27:
1253 941 1354 1006 διὰ
1407 941 1691 1026 κηρύκων
1745 935 1857 1027 γὰρ
1913 943 2057 1018 ἔθος
2110 927 2188 1024 ἦν
2241 930 2309 1005 τὸ
2364 943 2753 1025 μετέρχεσθαι

507 1040 612 1120 τὰς
655 1041 914 1128 νύμφας.
975 1050 1055 1108 cf.
1098 1049 1384 1110 Iahnium
1429 1049 1734 1110 archaeol.
1768 1049 1977 1110 Aufss.
2024 1071 2085 1130 p.
2132 1058 2219 1114 94.
2288 1069 2360 1109 ac
2404 1050 2589 1108 facile
2633 1050 2755 1108 hoc

507 1154 710 1232 ipsum
751 1152 1078 1232 praeconis
1123 1172 1345 1213 munus
1389 1152 1715 1231 respicitur
1760 1171 1862 1231 ep.
1906 1153 2038 1212 XX
2080 1161 2215 1216 235:
2286 1171 2411 1211 cum
2454 1156 2565 1209 iam
2610 1153 2753 1208 data

506 1259 666 1330 siyna
707 1257 994 1313 sonabunt.

679 1357 938 1416 Interim
980 1356 1203 1434 longus
1247 1354 1515 1415 Acontio
1572 1376 1751 1416 sacer
1803 1359 2153 1436 nuptiarum
2197 1356 2361 1431 dies,
2418 1365 2487 1416 ut
2540 1355 2753 1414 brevis

516 1456 748 1516 deinde
779 1477 924 1517 nox.
1002 1465 1064 1516 et
1091 1456 1246 1516 haec
1291 1458 1542 1537 quidem
1574 1457 1991 1518 Callimachea
2020 1458 2184 1519 haud
2220 1457 2403 1518 dubie
2435 1458 2755 1518 sententia

515 1568 628 1618 est.
702 1560 1153 1639 comparaveris
1197 1559 1489 1640 Properti
1531 1560 1929 1640 pulcerrimos
1974 1581 2188 1620 versus
2234 1561 2326 1621 IV
2368 1561 2489 1622 ‘zob
2533 1560 2670 1618 init.

817 1681 951 1739 Nox
992 1681 1128 1737 mihi
1160 1683 1349 1754 prima
1392 1685 1557 1752 venit,
1591 1685 1817 1755 primae
1858 1683 1986 1739 date
2032 1688 2285 1755 tempora
2329 1683 2524 1738 noctis.

917 1784 1130 1855 lonyius
1171 1785 1230 1838 in
1262 1785 1478 1855 primo,
1526 1783 1716 1852 Luna,
1762 1799 1988 1839 morare
2031 1788 2174 1840 toro.

818 1889 880 1940 tu
925 1899 1154 1958 quoque,
1201 1887 1296 1957 qui
1336 1886 1571 1942 aestivos
1611 1886 1911 1956 spatiosius
1953 1887 2130 1958 eoeiyils
2172 1887 2349 1958 iynes,

919 1985 1152 2053 Phoebe,
1200 1992 1527 2044 moraturae
1570 1985 1843 2042 contrahe
1886 1988 2027 2043 lucis
2068 1988 2189 2044 iter.

517 2121 697 2180 Tunc
724 2117 1026 2178 Acontius
1057 2119 1267 2180 Midae
1299 2139 1445 2179 auro
1493 2140 1621 2179 non
1666 2128 2098 2180 commutasset
2138 2120 2407 2200 puellam
2438 2139 2555 2179 nec
2586 2121 2756 2178 Tan—

517 2222 628 2282 tali
675 2222 921 2281 divitias
967 2221 1410 2302 aequiparabat
1451 2222 1563 2281 illi.
1636 2243 1764 2282 non
1809 2223 2122 2282 sententia
2164 2222 2634 2295 Aristaenetea‚
2696 2229 2757 2279 at

520 2324 862 2402 neglegens
909 2324 1273 2384 elocutionis
1317 2324 1495 2397 ratio,
1544 2344 1665 2403 qua
1707 2322 1977 2383 membra
2015 2324 2306 2383 orationis
2337 2325 2534 2382 minus
2570 2344 2754 2403 copu-

517 2427 724 2486 lantur
780 2445 962 2505 quam
1016 2426 1188 2485 iuxta
1241 2434 1589 2505 ponuntur,
1651 2434 1719 2484 ut
1772 2425 1886 2485 tibi
1943 2427 2154 2505 legere
2210 2425 2481 2485 videaris
2535 2425 2757 2484 tironis

518 2527 1042 2606 scriptiunculam,
1105 2529 1214 2608 qui
1271 2547 1534 2607 pensum
1589 2528 1824 2588 faciens
1883 2549 2095 2588 versus
2153 2529 2419 2588 numeris
2464 2526 2755 2587 liberarit.

521 2637 584 2688 et
641 2629 840 2708 arguit
897 2627 1140 2688 doctum
1197 2638 1448 2709 poetam
1501 2631 1712 2690 Midae
1770 2631 2146 2709 Tantalique
2201 2630 2453 2691 mentio,
2542 2637 2758 2689 contra

521 2731 837 2812 sophistae
883 2751 996 2792 sua
1039 2731 1105 2790 ni
1151 2731 1334 2792 fallor
1377 2731 1738 2807 reddemus,
1785 2731 1891 2792 ubi
1934 2733 2463 2810 segregaverimus
2508 2740 2754 2791 senten·

519 2834 670 2892 tiam
733 2831 812 2893 de
863 2832 1046 2892 trivio
1105 2842 1440 2913 arreptam:
1502 2829 1603 2890 καὶ
1660 2825 1986 2911 σύμψηφοι
2027 2823 2242 2904 πάντες
2286 2829 2446 2911 ἐμοί,
2504 2823 2635 2891 ὅσοι
2678 2827 2754 2909 μὴ

523 2920 670 2991 καθ’
717 2922 874 3006 ’ἅπαξ
917 2933 1038 2991 τῶν
1082 2929 1381 3010 ἐρωτικῶν
1423 2925 1713 3012 ἆμαθεῖς·
1770 2923 1875 2994 τὸν
1918 2923 2031 3014 γὰρ
2073 2925 2398 3011 ἀνέραστον
2441 2922 2553 2993 οὐκ
2598 2922 2756 2993 ἆπει-

523 3025 628 3105 κός
670 3023 974 3106 ἀντίδοξον
1017 3027 1188 3094 εἶναι.
1256 3039 1599 3098 consimilia
1644 3037 1809 3118 quod
1854 3039 2015 3117 fugit
2056 3039 2431 3118 interpretes
2474 3037 2759 3115 leguntur

524 3139 559 3197 I
606 3147 670 3200 15
713 3138 853 3197 init.
945 3126 1142 3196 Οὐδὲν
1187 3128 1265 3209 ὣς
1309 3133 1533 3221 ἐγῷμαι
1591 3131 2007 3212 πιθανώτερον
2061 3135 2328 3215 πέφυκεν
2382 3127 2515 3196 οὐδ’
2563 3130 2757 3196 ἄνυσι-

525 3231 789 3316 μώτερον
835 3226 1218 3315 Ἀφροδίτης·
1286 3237 1444 3298 ἴσασι
1505 3236 1569 3300 δὲ
1626 3240 1688 3299 οἱ
1734 3237 2116 3319 βεβλημένοι·
2182 3236 2285 3299 καὶ
2340 3231 2567 3299 τούτων
2622 3229 2761 3316 ἡμῖν

524 3331 867 3417 ἆντίψηφος
910 3328 1042 3426 οὐδ’
1093 3332 1193 3412 εἷς.
1283 3362 1356 3402 ac
1399 3362 1483 3402 ne
1528 3345 1763 3404 curavit
1808 3344 2084 3425 quidem,
2139 3353 2207 3403 ut
2259 3345 2445 3404 istum
2501 3363 2759 3404 commu·

529 3463 672 3502 nem
723 3442 925 3502 locum
980 3443 1059 3502 ad
1115 3463 1191 3504 ea
1236 3464 1398 3524 quae
1451 3445 1837 3525 praecedunt
1888 3445 2052 3505 bene
2112 3454 2373 3525 aptaret.
2442 3445 2546 3504 vel
2602 3445 2761 3504 enim

533 3553 893 3624 expectares
955 3545 1048 3604 ‘et
1091 3565 1301 3606 omnes
1344 3546 1601 3606 habebit
1654 3548 1795 3607 ille
1854 3543 2207 3626 (Acontius)
2270 3541 2757 3608 assensores’

527 3645 661 3720 vel,
712 3647 808 3706 ‘et
851 3644 1184 3706 credent
1225 3647 1409 3708 mihi
1457 3645 1600 3726 (boc
1644 3647 1948 3728 narranti)
1997 3647 2253 3710 omnes.'
2326 3650 2536 3729 itaque
2584 3649 2636 3708 si
2683 3647 2758 3706 de

530 3849 932 3901 Callimachum
975 3838 1124 3915 ὖμὲν
1166 3864 1264 3915 pro
1311 3839 1552 3916 ὖμὲναιε
1601 3864 1849 3916 apocopa
1894 3849 2146 3901 adhibita
2192 3851 2444 3916 posuisse
2479 3849 2761 3901 tradentes
2872 3879 2874 3908 ;

528 3938 793 3984 testatum
829 3933 991 3984 simul
1027 3935 1269 3995 faciunt,
1309 3950 1432 3987 eum
1468 3925 1617 4000 ’ὁμέν
1653 3935 1810 3986 brevi
1845 3951 1881 3985 v
1916 3936 2187 4001 posuisse.

668 4018 709 4081 ¹)
744 4019 908 4070 Nullo
942 4022 1107 4085 pacto
1144 4020 1428 4086 ambigere
1467 4019 1710 4071 debebat
1732 4019 1979 4070 Naekius
2004 4020 2143 4070 Hec.
2169 4036 2222 4086 p.
2250 4021 2365 4082 262,
2406 4035 2535 4070 num
2562 4035 2597 4070 a
2620 4033 2762 4069 men-

533 4118 662 4152 sura
697 4108 851 4154 recte
888 4108 1066 4154 staret
1099 4104 1264 4154 unice
1301 4096 1578 4159 ἔλίννσεν.
1652 4105 1726 4158 cf.
1764 4104 1984 4155 Gallim.
2022 4107 2080 4154 in
2118 4104 2242 4154 Cer.
2280 4105 2365 4155 48.
2440 4109 2638 4156 contra
2672 4103 2761 4154 du-

531 4187 649 4237 bito
695 4187 762 4237 de
805 4188 1105 4238 Naekiana
1149 4191 1260 4254 lege
1307 4189 1519 4256 (opusc.
1562 4190 1591 4239 1
1637 4206 1688 4254 p.
1728 4191 1792 4241 57
1812 4188 1920 4256 sq.)
1969 4191 2263 4240 citatorum
2310 4205 2343 4238 a
2388 4188 2762 4254 grammaticis

532 4270 983 4335 fragmentorum.
