2917 4992
1391 309 1811 373 ...78-

485 476 685 564 βοὶρος.
773 471 936 544 nam⁵
961 485 1012 544 is
1048 485 1359 544 rhetorum
1391 483 1725 542 communis
1770 482 1939 540 locus
1988 489 2099 540 est.
2133 481 2211 540 cf.
2242 478 2731 540 Boissonadium

489 587 570 646 ad
612 588 924 646 Aristaen.
971 587 1010 645 l.
1061 607 1110 646 c.
1161 595 1222 644 et
1265 584 1348 644 ad
1390 585 1594 643 Nicet.
1640 584 1884 660 Eugen.
1930 603 1992 661 p.
2042 593 2160 656 105,
2212 591 2328 655 137,
2394 590 2515 643 404.
2602 600 2733 638 nec

487 690 680 766 magis
724 689 843 748 hoc
885 687 1315 746 affirmaverim
1362 686 1440 744 de
1475 684 1776 764 Gregorio
1807 685 1962 744 Naz.
1996 703 2177 741 carm.
2212 683 2279 741 II
2312 691 2357 758 l,
2389 693 2492 746 265
2523 703 2585 761 p.
2618 691 2731 744 312

491 790 760 850 Caillau:
808 785 979 861 ξυναὶ
1023 785 1125 846 καὶ
1170 785 1494 864 μελεδῶναι
1540 783 1955 862 ἐλαφρίζουσιν
1982 776 2188 860 ἀνίας,
2232 786 2335 844 vel
2382 784 2462 844 de
2489 785 2726 844 Nonno

488 892 678 950 XLII
709 898 812 952 214
840 911 939 971 sq.
986 909 1233 969 prorsus
1281 888 1529 949 diversa
1562 888 1992 970 Callimacheis
2038 894 2353 968 comparat
2393 884 2729 946 Iakobsius

486 992 713 1051 Achill.
759 992 899 1050 Tat.
945 990 1027 1049 ad
1072 1013 1134 1070 p.
1184 999 1302 1064 152,
1349 999 1435 1050 22.

660 1092 991 1172 Cydippae
1025 1112 1130 1152 eos
1161 1112 1393 1166 versus,
1429 1091 1648 1171 quibus
1680 1092 1978 1152 Acontius
2008 1091 2074 1148 in
2105 1089 2442 1173 solitudine
2474 1088 2727 1148 abditus

489 1215 629 1254 suos
675 1193 996 1272 promebat
1039 1193 1285 1253 solliciti
1330 1194 1550 1251 amoris
1595 1212 1840 1265 sensuS‚
1908 1193 2161 1272 antiquo
2220 1200 2498 1270 tempore
2552 1191 2729 1250 haud

487 1297 712 1355 leviter
755 1295 989 1354 animos
1036 1295 1434 1354 commovisse
1479 1313 1825 1373 magnaque
1871 1294 2143 1372 viguisse
2187 1293 2413 1371 gloria,
2476 1292 2729 1373 quibus-

491 1397 632 1455 dam
689 1397 966 1474 vestigiis
1023 1404 1282 1455 constat.
1382 1414 1452 1453 ac
1507 1396 1787 1475 profecto
1845 1395 2124 1474 insignes
2181 1393 2373 1454 fuisse
2428 1393 2729 1454 videntur

487 1497 757 1556 iucunda
824 1496 1090 1576 quadam
1145 1496 1565 1571 mollitudine,
1638 1516 1795 1576 quae
1850 1497 1916 1554 in
1982 1495 2416 1556 Alexandrina
2478 1495 2728 1555 demum

488 1600 694 1678 poesi,
741 1605 960 1679 postea
1004 1599 1068 1657 in
1117 1597 1338 1658 fabulis
1385 1598 1725 1672 amatoriis,
1776 1618 2029 1677 quorum
2073 1597 2403 1676 scriptores
2446 1597 2730 1656 Alexan·

489 1701 800 1759 drinorum
844 1705 1165 1780 poetarum
1209 1700 1457 1759 fuerunt
1501 1699 1798 1773 heredes,
1845 1699 2057 1780 utique
2106 1698 2389 1758 obtinuit.
2460 1718 2728 1778 eumque

487 1802 934 1861 somniculosae
983 1821 1186 1880 paene
1231 1800 1651 1860 meditationis
1698 1800 2040 1860 amantibus
2085 1801 2151 1859 in
2196 1801 2405 1880 primis
2451 1820 2729 1860 conven-

486 1904 673 1962 ientis
718 1912 998 1962 tenerum
1045 1904 1339 1977 colorem,
1400 1903 1580 1961 simul
1620 1922 1821 1962 rerum
1866 1901 2233 1962 naturalium
2277 1901 2609 1979 cogitando
2658 1903 2727 1960 in

489 2005 846 2063 societatem
911 2005 1312 2065 humanorum
1375 2024 1666 2064 sensuum
1729 2003 2167 2063 trahendarum
2232 2004 2478 2064 mollem
2542 2003 2729 2062 istam

488 2107 824 2181 rationem,
877 2106 1033 2165 haec
1076 2105 1268 2183 igitur
1307 2126 1466 2185 quae
1514 2126 1586 2165 eo
1631 2106 2024 2165 continentur
2066 2125 2329 2184 genere,
2392 2103 2561 2185 quod
2606 2126 2729 2164 ro—

487 2209 894 2267 manticum
941 2207 1146 2267 dicere
1179 2215 1421 2267 nosmet
1452 2206 1898 2282 consuevimus,
1942 2227 2062 2288 quo
2095 2207 2276 2266 modo
2307 2205 2732 2266 Alexandrini

487 2319 712 2389 poetae
745 2310 1144 2384 excoluerint,
1180 2294 1752 2369 Callimachi‘docet
1777 2307 2071 2387 Cydippa
2100 2307 2359 2382 notabili
2392 2307 2731 2367 admodum

491 2411 895 2470 nec-insuavi
943 2411 1248 2491 exemp10.

659 2509 735 2571 ‘O
767 2510 1036 2586 arbores,
1086 2511 1389 2571 clamabat
1417 2511 1737 2587 Acontius,
1786 2533 1890 2571 cur
1921 2532 2049 2571 non
2080 2532 2255 2570 mens
2298 2510 2475 2571 vobis
2519 2511 2731 2570 indita

488 2635 616 2674 non
646 2617 818 2688 vox,‘
837 2634 960 2695 qua
987 2633 1176 2672 unum
1207 2634 1419 2673 omnes
1449 2613 1564 2672 hoc
1604 2613 2021 2692 pronuntietis
2056 2612 2392 2692 “Cydippa
2420 2611 2676 2693 pulcra’'
2695 2615 2744 2688 ἱ),

485 2717 720 2775 utinam
747 2715 1008 2793 singulis
1053 2716 1217 2799 t'oliis
1261 2724 1353 2775 tot
1383 2716 1720 2794 insculptas
1767 2716 1967 2774 saltim
2008 2715 2243 2774 litteras
2289 2715 2521 2789 feratis,
2572 2725 2730 2796 quot

486 2797 761 2896 pulcram
806 2817 1132 2896 appellent
1179 2815 1534 2897 Cydippam
1550 2813 1585 2876 1’
1635 2825 1696 2876 et
1740 2837 1881 2876 mox
1927 2819 2089 2875 ‘num
2136 2816 2302 2896 quod
2346 2814 2523 2876 vobis
2571 2837 2725 2896 quo-

488 2937 639 2998 que,
704 2937 880 2976 meae
936 2916 1220 2991 arboreS,
1290 2927 1559 2978 mutuum
1618 2918 1991 2978 desiderium
2042 2918 2237 2993 inest,
2306 2937 2449 2976 num
2506 2918 2726 2997 pinum

486 3021 749 3079 fortasse
806 3038 1128 3097 cupressus
1187 3019 1472 3100 deperit?
1540 3040 1667 3079 non
1727 3019 1932 3083 eredo,
2021 3039 2163 3079 nam
2227 3019 2316 3078 ita
2372 3038 2500 3078 non
2566 3017 2727 3077 folia

483 3129 723 3180 tantum
765 3116 1087 3180 mitteretis
1133 3138 1251 3181 nec
1279 3121 1397 3181 soli
1439 3123 1592 3181 rami
1637 3142 1746 3182 suo
1778 3121 1929 3182 flore
1958 3121 2368 3202 privarentur,
2415 3118 2531 3202 sed
2564 3119 2725 3180 deus

485 3223 566 3283 ad
612 3243 752 3291 ossa
809 3231 1008 3282 certus
1065 3223 1267 3303 ipsum
1324 3225 1509 3283 etia-m
1562 3231 1841 3283 truncum
1898 3231 1960 3282 et
2015 3222 2254 3282 radices
2310 3221 2556 3300 ignibus
2614 3221 2725 3280 ab—

384 3329 389 3342 '
484 3324 752 3385 sumeret
795 3333 982 3405 atque
1028 3323 1476 3404 conflagraret.'
1564 3333 1996 3404 compararunt
2023 3324 2247 3396 Achill.
2279 3313 2421 3382 Tat.
2453 3323 2489 3382 I
2532 3331 2619 3398 17,
2650 3333 2724 3386 3:

483 3419 516 3484 ὅ
563 3421 626 3484 δὲ
670 3417 860 3504 λόγος,
904 3415 1046 3485 ἄλλο
1075 3422 1186 3502 μὲν
1213 3416 1397 3486 ἄλλον
1440 3417 1635 3502 φυτὸν
1678 3422 1839 3504 ἐρᾶν,
1884 3425 1970 3508 τῷ
2015 3421 2079 3484 δὲ
2121 3425 2352 3500 φοίνικι
2399 3413 2503 3483 τον
2532 3420 2726 3501 ἔρωτα

483 3526 707 3604 μᾶλλον
751 3523 1012 3605 ἐνοχλεῖν
1058 3549 1112 3588 e.
1160 3550 1220 3609 q.
1266 3550 1314 3588 s.
1378 3549 1561 3609 quem
1614 3530 1815 3588 locum
1872 3528 2185 3588 transtulit
2229 3537 2421 3587 totum
2464 3528 2724 3586 Nicetas

484 3631 642 3708 Eug.
690 3629 784 3690 IV
830 3638 929 3690 142
973 3625 1181 3707 599.¹)·
1239 3638 1302 3688 at
1345 3630 1440 3689 his
1488 3631 1737 3708 gravior
1783 3640 1876 3691 est
1919 3639 2136 3710 aperta
2168 3629 2724 3690 Callimacheorum

482 3731 742 3790 imitatio
788 3731 1075 3811 Properti
1117 3731 1149 3789 I
1196 3739 1262 3794 19
1305 3751 1399 3811 sq.

483 3933 536 3982 p.
563 3920 623 3966 31
657 3915 765 3981 ,τῆς
800 3906 1000 3978 οἷνίας,
1049 3916 1445 3974 Boissonadius
1480 3913 1581 3981 τῆς
1618 3915 1903 3976 διανοίας.
1974 3915 2179 3970 Achill.
2204 3917 2331 3967 Tat.
2358 3918 2385 3967 1
2409 3919 2457 3980 6,
2495 3905 2555 3968 3:
2598 3907 2723 3968 ἐπι-

488 4001 753 4066 κουφίζει
787 4000 890 4067 τῆς
927 3995 1102 4052 νόσου
1136 3994 1242 4066 τὴν
1279 3993 1486 4066 ἀκμήν.
1527 4006 1583 4052 et
1619 4001 1646 4050 Ι
1681 4004 1734 4067 8,
1779 4005 1870 4052 11:
1920 3993 2261 4067 ἔπιπουφιεῖ
2286 3997 2353 4053 δέ
2387 4015 2484 4068 μοι
2520 3994 2588 4052 τὸ
2624 4019 2727 4067 ’γυ-

483 4080 728 4150 μνάσιον
762 4085 864 4152 τῆς
899 4083 1088 4152 ψυχῆς
1124 4078 1188 4136 τὸ
1225 4079 1603 4152 λυπούμενον.

623 4169 660 4232 ¹)
699 4171 1012 4221 Palmarum
1049 4172 1263 4235 quidem
1302 4187 1517 4223 amores
1554 4172 1623 4221 ab
1644 4170 1923 4222 inferioris
1952 4173 2159 4222 aetatis
2182 4171 2563 4237 scriptoribus,
2603 4187 2727 4223 ma-

484 4249 630 4304 xime
664 4255 1002 4318 rhetoribuS,
1049 4269 1160 4304 non
1196 4245 1320 4306 raro
1358 4261 1864 4312 commemorantur.
1914 4255 1987 4320 cf.
2016 4255 2336 4308 Iakobsium
2361 4255 2561 4313 Achill.
2589 4258 2727 4307 Tat.
