2917 4992
1097 353 1188 366 ...-
1272 317 1356 382 79
1437 355 1527 366 .-

542 509 638 550 vos
681 496 834 549 eritis
875 498 1059 561 testes,
1103 495 1156 548 si
1193 508 1330 566 quos
1369 493 1533 548 habet
1573 491 1747 547 arbor
1787 509 2023 560 amoreS,

637 594 814 667 Γαρεις
857 601 909 650 el
949 595 1194 649 Arcadio
1231 595 1399 667 pinus
1442 601 1628 648 amata
1672 595 1793 651 deo.

197 747 634 808 componemus
679 735 883 786 autem
926 727 1108 785 latius
1156 735 1493 803 evagantes
1540 726 1663 786 alia
1704 727 2009 787 nonnulla
2052 729 2429 788 consimilem

195 829 496 888 habentia
539 828 835 902 colorem,
900 847 1156 908 quorum
1203 828 1575 907 comparatio
1631 850 1760 888 non
1807 830 1923 888 erit
1965 826 2426 906 infructuosa.¹)

199 930 564 990 Achilles
611 931 774 988 Tat.
820 928 855 988 I
887 940 972 1000 15,
1005 937 1070 988 2:
1117 925 1376 986 ἕθαλλον
1405 925 1473 985 οἰ
1494 920 1720 1004 κλάδοι,
1764 926 2127 988 συνέπιπτον
2156 923 2429 1005 ἀλλήλοις

193 1021 370 1102 ἄλλος
416 1017 509 1088 ἐπ’
559 1021 772 1103 ἄλλον,
818 1024 1080 1107 ἐγίνοντο
1123 1029 1242 1087 τῶν
1284 1019 1553 1087 πετάλων
1596 1028 1978 1108 περιπλοκαί,
2025 1030 2145 1090 τῶν
2187 1024 2430 1106 φύλλων

195 1132 542 1210 περιβολαί,
599 1133 720 1190 τῶν
762 1130 1012 1210 καρπῶν
1069 1129 1434 1206 συμπλοκαί·
1497 1123 1743 1206 τοιαύτη
1798 1151 1886 1201 τις
1937 1116 2016 1206 ἦν
2069 1120 2265 1207 ὁμιλία
2308 1131 2430 1190 τῶν

196 1234 422 1308 φυτῶν.
510 1229 688 1303 ἐνίοις
735 1229 797 1290 δὲ
840 1233 956 1290 τῶν
1001 1226 1260 1305 δένδρων
1300 1229 1420 1289 τῶν
1463 1221 1796 1310 ἁδροτέρων
1840 1222 2035 1302 κιττὸς
2076 1229 2178 1290 καὶ
2222 1234 2430 1308 σμῖλαξ

193 1327 642 1415 περιεπεφύκει,
671 1322 841 1410 ἡμὲν
871 1329 1227 1412 ἐξηρτημένη
1257 1323 1561 1392 πλατάνου
1582 1329 1681 1391 καὶ
1704 1327 2188 1412 περιπυκάζουσα
2216 1332 2433 1416 ραδινῇ

195 1436 262 1516 τῇ
303 1429 504 1519 κόμῃ·
559 1425 591 1494 ὅ
638 1431 703 1494 δὲ
745 1424 939 1505 κιττὸς
981 1429 1116 1512 περὶ
1160 1429 1393 1510 πεύκην
1437 1430 1695 1512 ἕλιχθεὶς
1751 1426 2032 1517 ᾠκειοῦτο
2075 1425 2141 1493 τὸ
2186 1432 2431 1515 δένδρον

181 1527 316 1609 ’ταῖς
361 1541 767 1616 περιπλοκαῖς,
811 1532 912 1594 καὶ
943 1531 1170 1614 ἐγένετο
1200 1535 1286 1618 τῷ
1329 1535 1513 1618 κιττῷ
1558 1529 1748 1613 ὄχημα
1790 1526 1857 1594 τὸ
1888 1529 2101 1612 φυτόν,
2144 1535 2433 1612 στέφανος

195 1636 255 1699 δὲ
296 1631 334 1696 ὃ
386 1629 580 1710 κιττὸς
609 1639 715 1696 τοῦ
745 1637 959 1714 φυτοῦ.
1023 1639 1327 1716 Longus
1374 1639 1408 1696 Ι
1437 1647 1522 1712 23,
1556 1647 1624 1698 2:
1670 1633 1907 1695 εἴκασεν
1940 1629 2017 1696 ἄν
2045 1659 2134 1707 τις
2164 1635 2266 1696 καὶ
2294 1629 2431 1709 τούς

195 1733 500 1818 ποταμοὺς
543 1731 714 1824 ᾅδειν
769 1728 958 1820 ἠρέμα
1014 1736 1256 1819 ῥέοντας
1311 1735 1412 1796 καὶ
1470 1728 1605 1809 τους
1661 1730 1914 1815 άνέμους
1955 1739 2247 1816 συρίττειν
2303 1744 2431 1810 ταῖς

195 1845 438 1902 πίτυσιν
483 1838 842 1919 ἐμπνέοντας
897 1836 999 1898 καὶ
1052 1829 1124 1897 τά
1168 1840 1328 1916 μῆλα
1382 1835 1609 1919 ἐρῶντα
1665 1839 1901 1900 πίπτειν
1955 1837 2135 1917 χαμαὶ
2179 1837 2279 1899 καὶ
2324 1832 2429 1899 τὸν

194 1933 366 2020 ἥλιον
409 1937 744 2020 φιλόκαλον
787 1933 933 2000 ὄντα
975 1933 1204 2012 πάντας
1258 1931 1565 2002 ἀποδύειν.
1654 1942 1734 2000 ad
1804 1963 1963 2022 quae
2022 1963 2081 2002 v.
2131 1943 2430 2003 Seilerum

197 2071 256 2128 p.
303 2056 425 2113 197.
517 2047 838 2107 Nonnus
885 2045 987 2103 III
1031 2052 1134 2106 142
1175 2063 1316 2124 sqq.

1088 2157 1189 2220 καὶ
1233 2152 1454 2242 ἄρσενα
1498 2152 1695 2236 φύλλα
1736 2155 2027 2232 πετάσσας

503 2262 814 2347 θηλυτέρῳ
858 2264 1088 2340 φοίνικι
1132 2258 1334 2322 πόθον
1375 2256 1705 2322 πιστώσπο
1748 2265 1970 2338 φοῖνιξ,

505 2361 649 2445 ὄχνη
691 2356 744 2426 τ’
793 2356 1208 2444 ἆγλαόκαρπος
1251 2354 1491 2441 ὅμήλικι
1534 2359 1839 2441 σύμφυτος
1881 2355 2027 2448 ὄχνῃ

504 2464 756 2548 ὄρθριον
800 2459 1177 2546 ἕψιθύριζεν,
1223 2461 1563 2543 ἑλισσομένη
1611 2463 1674 2526 δὲ
1718 2461 2045 2547 κορύμβοις

503 2573 736 2651 γείτονα
779 2566 1022 2644 πιαλέης
1067 2561 1374 2644 ἐπεμάστιε
1416 2561 1661 2645 θάμνον
1704 2564 1899 2644 ε’λαίης

504 2673 784 2752 εἰαρινοῖς
825 2659 1130 2748 άνέμοισιν
1172 2659 1537 2752 ἆναινομένῃ
1578 2659 1739 2749 παρά
1783 2662 1987 2752 δάφνῃ

501 2774 683 2834 σείετο
725 2765 980 2852 μύρσινα
1023 2765 1221 2846 φύλλα
1265 2791 1319 2848 e.
1367 2793 1427 2852 q.
1473 2791 1523 2831 s·

201 2911 558 2994 quibuscum
603 2911 962 2990 conspirant
1005 2909 1137 2967 fere
1193 2916 1260 2966 ut
1307 2906 1573 2986 eundem
1632 2908 1894 2968 fortasse
1937 2909 2430 2972 Alexandrinum

198 3016 478 3076 habeant
520 3023 830 3074 auctorem
877 3008 1302 3070 Claudiani
1345 2992 1561 3069 versus
1610 3011 1863 3090 epithal.
1910 3020 1977 3074 65
2023 3033 2162 3092 sqq.

504 3139 688 3193 vivunt
729 3136 786 3188 in
843 3131 1111 3189 Venerem
1150 3129 1388 3202 frondes
1431 3133 1711 3202 omnisque
1754 3134 1985 3188 vicissim

499 3239 650 3312 felix
691 3235 862 3291 arbor
905 3239 1073 3288 amat.
1119 3235 1328 3288 nutant
1373 3234 1451 3288 ad
1492 3237 1680 3288 mutua
1716 3235 1943 3304 palmae

206 3491 276 3540 ad.
313 3507 368 3554 p.
401 3492 481 3553 ⁶23,
521 3491 602 3539 16.
674 3493 730 3540 et
765 3489 832 3538 de
871 3487 1016 3538 coitu
1054 3482 1286 3550 quodam
1331 3479 1636 3548 palmarum
1671 3485 1780 3536 iam
1818 3473 2232 3552 Theophrastus
2270 3502 2433 3552 expo-

204 3575 321 3624 suit
353 3575 478 3624 hist.
517 3575 693 3639 plant.
732 3575 786 3622 II
821 3575 872 3634 8,
909 3573 958 3626 4.
1030 3573 1275 3624 Basilius
1322 3587 1563 3638 magnus,
1592 3572 1651 3619 in
1686 3571 1936 3622 hexaem.
1973 3571 2159 3623 homil.
2194 3571 2244 3620 V
2277 3588 2331 3635 p.
2366 3573 2433 3620 47

206 3660 294 3711 ed.
332 3659 501 3708 Paris.
541 3660 670 3708 1721
711 3693 894 3710 .....
933 3655 1000 3707 οῖ’
1027 3673 1092 3722 γε
1137 3657 1237 3708 καὶ
1283 3651 1416 3716 τοὺς
1459 3657 1735 3722 φοίνικας
1782 3649 1864 3714 εἰς
1911 3645 2157 3721 ἄρρενας
2191 3653 2290 3706 καὶ
2327 3655 2433 3719 θη-

206 3743 366 3800 λείας
398 3741 674 3794 διιστῶσι·
715 3741 812 3794 καὶ
853 3740 1002 3800 ἴδοις
1037 3732 1115 3793 o'c'v
1151 3758 1288 3793 ποτε
1324 3735 1430 3808 τὴν
1466 3733 1597 3806 παρ’
1636 3733 1825 3792 αὐτῶν
1858 3731 2287 3805 ὀνομαζομένην
2321 3732 2433 3803 θή-

205 3832 369 3878 λειαν
401 3829 712 3880 καθιεῖσαν
747 3821 880 3886 τούς
916 3819 1167 3884 κλάδους
1203 3821 1331 3877 οἷον
1367 3817 1625 3892 ὀργῶσαν
1660 3822 1758 3876 καὶ
1794 3825 1893 3890 τῆς
1927 3822 2253 3890 συμπλοκῆς
2279 3816 2431 3888 έφιε-
2506 3845 2509 3849 ·

205 3907 388 3978 μένην
420 3909 518 3964 τοῦ
553 3903 810 3976 ἄρρενος.
867 3913 1061 3976 quibus
1088 3927 1274 3962 eorum
1300 3912 1669 3973 admonemur,
1710 3925 1847 3974 quae
1872 3910 1995 3959 loco
2019 3909 2239 3958 inlustri
2262 3909 2431 3957 Hum-

208 3995 445 4047 boldtius
478 4001 712 4048 Kosmos
748 3995 805 4046 11
841 4013 892 4062 p.
929 3999 994 4047 27
1031 4012 1147 4061 sqq.
1188 3997 1256 4046 de
1292 3996 1503 4045 Basilio
1540 3995 1859 4058 disputavit.
1906 4021 1912 4024 ·

350 4095 386 4160 ¹)
421 4097 613 4150 Sciens
651 4098 810 4149 omisi
831 4104 963 4148 nota
985 4098 1362 4148 bucolicorum
1399 4094 1669 4159 exempla,
1709 4111 1847 4158 quae
1885 4093 2032 4145 haud
2067 4111 2191 4145 raro
2212 4100 2434 4146 secutus

209 4187 298 4232 est
335 4181 566 4236 NonnuS.
637 4199 796 4248 quem
843 4199 895 4234 v.
932 4183 1032 4234 XV
1068 4185 1172 4249 297*
1203 4199 1319 4246 sqq.
1368 4181 1811 4248 389.‘XV1224,
1848 4181 2024 4232 XLVI
2058 4181 2159 4230 266
2194 4189 2311 4246 sqq.
2360 4183 2433 4232 cf.

207 4263 533 4317 Koehlerum
571 4267 662 4318 die
691 4267 1041 4332 Dionysiaka
1079 4266 1178 4316 des
1212 4266 1437 4316 Nonnus
1475 4282 1529 4329 p.
1554 4267 1637 4328 75,
1677 4267 1723 4319 1.
