2917 4992
1105 326 1565 389 —159—

219 490 482 561 κρύοντα
526 494 628 548 καὶ
672 499 792 555 τοῖς
841 488 1119 561 δάκρυσιν
1166 488 1321 562 ἐξείη
1370 489 1598 562 ῥήματα
1644 490 2020 560 προστιθέναι
2068 490 2169 544 καὶ
2215 486 2290 552 ὥς
2338 486 2462 545 εἰσό-

222 583 406 634 θασιν
443 575 505 633 οἱ
539 579 737 632 δοῦλοι
773 571 1026 646 χαλεπάς
1060 572 1338 647 μάστιγας
1375 574 1786 648 εύλαβούμενοι
1832 573 1935 640 τοὶς
1982 581 2178 646 χεῖρας
2225 571 2461 644 ὑφειμέ-

221 683 331 725 νας
371 659 516 731 πρὸς
551 658 621 716 τοὶ
660 658 730 716 σα
766 657 980 729 γόνατα
1015 662 1246 717 τείνειν.
1315 655 1548 730 άγνοεῖς
1604 658 1667 715 τὸ
1722 663 1933 731 σαυτῆς
1979 662 2225 715 δίκαιον.
2297 657 2459 714 κάλει

221 766 296 816 με
333 744 430 816 δή.
501 750 605 802 τοῦ
649 742 757 815 γαρ
804 741 972 815 χάριν
1005 740 1171 799 άπών
1207 741 1535 816 ἐλέγχομαι;
1588 747 1694 800 καί
1725 765 1793 814 με
1828 739 1942 816 ἤδη
1979 743 2114 799 ποτὲ
2152 747 2460 813 δεσποίνης
2494 749 2561 798 80

225 834 403 900 δίκην
441 827 641 888 ἐλθεῖν
675 827 958 885 κέλευσον.
1011 828 1067 883 εἰ
1099 825 1208 898 γάρ
1244 831 1342 885 καὶ.
1379 823 1527 899 αύτή
1561 847 1659 898 μοι
1694 825 1828 890 τούς
1860 828 2191 899 πλοκάμους
2217 831 2458 883 διασπα-

222 911 429 984 ράξαις
476 918 585 970 καί
623 933 722 984 μοι
767 909 832 968 τὸ
874 910 1180 982 πρόσωπον
1226 911 1503 969 πελιδνὸν
1550 919 1669 975 τοῖς
1718 911 2021 976 δακτύλοις
2066 930 2171 966 σου
2218 909 2457 980 γένοιτο,

219 995 400 1055 πάντ’
462 992 540 1054 ὁῖν
597 993 988 1070 ὑπομείναιμι.
1058 999 1226 1052 τοῦτο
1285 993 1467 1066 μόνον
1528 1000 1659 1062 ἴσως
1718 990 1793 1051 ἄν
1852 998 2132 1067 δείσαιμι,
2192 996 2272 1067 μή
2320 994 2460 1051 ποτέ

221 1101 328 1137 σου
374 1077 414 1152 ἡ
463 1084 585 1152 χεὶρ
633 1079 729 1138 ἐπὶ
774 1083 852 1152 τῷ
899 1078 1012 1152 ἐμῷ
1070 1077 1282 1150 σώματι
1340 1085 1659 1151 κακωθείη.
1729 1074 1872 1136 nmo}
1920 1077 2061 1150 μήτε
2104 1100 2175 1148 με
2226 1083 2459 1149 δεσμοῖς
2493 1089 2559 1138 85

219 1161 374 1236 μήθ’
412 1161 647 1222 ἁλύσεσι
683 1168 918 1236 σφίγγε·
981 1165 1433 1236 φυλαχθήσομαι
1479 1185 1588 1235 γαρ
1624 1168 1701 1236 τῷ
1737 1167 1947 1234 στερρῷ
1982 1183 2083 1219 σου
2118 1162 2457 1243 συνδεδεμέ-

221 1269 322 1314 νος
361 1249 544 1320 ἔρωτι.
611 1245 790 1320 ἡνίκα
829 1244 886 1305 δ’
922 1269 998 1304 αν
1043 1253 1224 1312 καλῶς
1270 1251 1370 1304 καὶ
1414 1245 1630 1305 ὁπόσον
1665 1271 1740 1305 αν
1775 1245 2047 1320 βούληται
2084 1247 2289 1317 κορέσῃ
2326 1233 2455 1302 ἔαυ-

220 1336 324 1389 τὸν
361 1330 393 1389 ὁ
421 1330 644 1405 θυμὸς,
682 1330 825 1404 αῦτὴ
863 1330 1132 1403 σαυτὴνί)
1172 1329 1297 1388 τότε
1335 1333 1567 1404 φήσεις·
1608 1324 1670 1389 ιω
1704 1330 1885 1389 πόσον
1919 1337 2258 1404 καρτερικῶς
2294 1323 2459 1397 οὗτος

224 1415 354 1489 έρᾷ’
374 1437 387 1449 ·
439 1413 586 1488 αῦτὴ
623 1421 804 1488 σαυτῇ
839 1414 1042 1488 φήσεις
1081 1418 1289 1473 ἰδοῦσα
1323 1416 1517 1473 πάντα
1552 1414 2089 1489 ῦπερεγνεικόνταῖ)
2126 1434 2224 1488 με·
2264 1412 2320 1472 ιὁ
2357 1437 2457 1472 κα-
2494 1431 2559 1479 9ο
2630 1457 2642 1468 .

222 1507 333 1567 λῶς
368 1496 520 1559 οὕτω
556 1499 846 1559 δουλεύων
880 1522 1048 1565 ουτος
1085 1501 1398 1559 δουλευέτω
1432 1522 1531 1572 μοι
1570 1500 1689 1573 δήζ
1752 1505 1881 1559 νυνὶ
1919 1502 2048 1572 δὴ3)
2088 1505 2460 1572 κακοδαίμων

220 1581 390 1643 άπών
434 1583 651 1659 ἄγομαι
696 1582 806 1642 ’ὑπ’
851 1581 1139 1658 εῦθύνην,
1200 1592 1306 1644 καί
1347 1607 1460 1657 μου
1504 1584 1541 1658 ἡ
1590 1589 1726 1656 δίκη
1770 1586 1977 1656 αρίστη
2023 1580 2168 1642 ούσα
2213 1585 2460 1657 μηδενὸς

220 1675 670 1744 προασπίζοντος
721 1667 1118 1738 ἐξαπόλλυται.
1190 1668 1333 1726 άλλοὶ
1383 1665 1561 1727 τοῦθ’
1606 1690 1745 1739 οπερ
1804 1691 1873 1724 τα
1929 1671 2293 1741 γεγραμμένα
2339 1665 2458 1726 ἐκέ-

221 1763 392 1814 λευεν
425 1753 678 1828 ἡμετέρα
715 1753 832 1813 ἐστὶ
866 1761 1170 1824 παροινία·
1222 1777 1251 1811 ο
1288 1751 1420 1811 κατ’
1458 1751 1600 1826 ἐμοῦ
1634 1755 1815 1826 μόνον
1849 1755 2076 1820 πάντως
2110 1757 2457 1826 μέμψασθαι

222 1841 455 1912 ἔχοις.4)
505 1835 631 1895 ἄλλ’
671 1835 776 1896 ούκ
811 1836 951 1907 α’ξία
987 1837 1092 1895 σῦν
1129 1837 1256 1913 ἐμοὶ
1290 1843 1389 1898 καὶ
1424 1837 1459 1911 ἡ
1488 1843 1675 1910 Δηλία
1710 1838 1867 1910 παρὰ
1896 1843 1997 1896 σοῦ
2022 1843 2456 1909 φενακίζεσθαι.
2493 1853 2559 1900 95

221 1925 280 1981 εἰ
317 1923 382 1981 δὲ
417 1927 520 1980 καὶ
553 1923 630 1996 μὴ
681 1924 878 1989 θέλοις
926 1921 1053 1997 ἐμοὶ
1097 1924 1205 1997 τὴν
1238 1921 1547 1996 ὑπόσχεσιν
1582 1920 1950 1998 άποδοῦναι,
1974 1927 2042 1996 τῇ
2077 1927 2197 1994 θεῷ
2222 1943 2285 1994 γε
2317 1922 2455 1979 οἷπό-

219 2013 345 2074 δος.
405 2012 600 2080 παρῆν
635 2006 744 2080 γάρ
781 2011 880 2065 καὶ
917 2006 1104 2080 εἶδεν,
1141 2005 1318 2081 ἡνίκα
1355 2013 1497 2080 σοι5)
1537 2006 2035 2080 κατασοφισθεῖσά
2069 2029 2133 2078 γε
2167 2005 2457 2078 η’ρυθρίας

218 2096 325 2151 καὶ
362 2090 649 2168 μνήμοσιν
687 2093 901 2163 ἔκρυψε
937 2090 1042 2164 τὴν
1077 2091 1185 2164 σήν
1222 2091 1423 2164 φωνὴν
1458 2088 1681 2157 άκοαῖς.
1730 2093 1785 2149 εἰ
1808 2090 1917 2164 γάρ
1942 2094 2040 2148 καὶ
2065 2087 2241 2147 τᾶλλα
2264 2089 2457 2147 πάντα

219 2174 422 2248 άπείη,
462 2173 636 2234 οῦδὲν
672 2174 898 2247 ἐκείνης
935 2173 1052 2234 ἐστὶ
1077 2175 1465 2249 βεβαιότερον,
1502 2176 1744 2234 ἐπειδὰν
1766 2179 1920 2248 τῆςθ)
1960 2173 2139 2248 αὐτῆς
2163 2174 2456 2247 θειότητα,
2496 2183 2591 2230 100

219 2258 366 2332 ὅπερ
415 2258 520 2318 οῦκ
567 2254 644 2319 άν
688 2258 1004 2333 ἠθέλησεν,
1054 2256 1451 2334 άμελουμένην
1496 2258 1621 2332 ὁρᾷ.
1692 2265 1797 2316 καί
1828 2280 1916 2318 σοι
1952 2259 2168 2333 μάρτυς
2204 2256 2235 2316 ὁ
2270 2266 2458 2316 Καλυ-

221 2347 433 2411 διόνιος
461 2345 616 2402 ἔσται
641 2343 888 2416 κάπρος·
937 2348 1034 2402 καὶ
1071 2343 1181 2417 γάρ
1209 2346 1477 2419 ἔγνωμεν,
1515 2341 1589 2410 ὥς
1624 2349 1843 2416 μᾶλλον
1880 2343 2106 2402 ἐκείνου
2141 2343 2324 2416 μήτηρ
2364 2343 2458 2403 ἐπὶ

218 2431 545 2502 Μελεάγρῳ
592 2431 761 2487 παιδὶ
809 2431 1172 2503 χαλεπωτέρα
1219 2427 1466 2504 εῦρέθη·
1524 2427 1739 2503 μάρτυς
1783 2434 1882 2488 καὶ.
1924 2426 2188 2486 Ἀκταίων
2242 2434 2459 2500 θηρίον

218 2514 364 2572 ποτὲ
401 2518 702 2587 νομισθεὶς
740 2513 1011 2581 ἐκείνοις,
1045 2511 1188 2587 μεθ’
1211 2507 1292 2571 ὦν
1325 2514 1587 2587 πρόσθεν
1622 2511 1792 2580 αύτὸς
1828 2513 1897 2573 τὰ
1924 2519 2112 2586 θηρία
2136 2518 2459 2585 παρεδίδου

221 2597 496 2671 θανάτῳ,
557 2604 657 2658 καὶ
702 2601 887 2672 μήτηρ
932 2597 970 2670 ἡ
1007 2598 1412 2672 ὑπερήφανος,
1462 2594 1501 2671 ’ἣ
1538 2605 1713 2657 λίθου
1752 2599 1851 2655 διά
1887 2604 1991 2655 τοῦ
2028 2597 2281 2670 σώματος
2316 2595 2453 2654 α’να-
2498 2606 2593 2652 105

222 2683 467 2755 σχόντος
501 2685 602 2740 καὶ
637 2681 707 2740 τά
745 2688 854 2740 νῦν
892 2684 1224 2755 δακρύουσα
1261 2684 1356 2742 ἐπὶ
1390 2689 1493 2755 τῆς
1514 2688 1859 2754 Μυγδονίας
1886 2686 2109 2739 ἵσταται
2135 2687 2253 2754 γῆς.
2300 2686 2458 2754 οἴμοι

221 2772 536 2838 Κυδίππη·
599 2767 839 2824 δέδοικά
875 2774 993 2839 σε7)
1044 2767 1232 2839 φάναι
1276 2764 1555 2840 τάληθές,
1603 2767 1682 2840 μή
1718 2789 1855 2824 ποτε
1902 2765 2134 2837 δόξαιμι
2178 2763 2459 2838 ἡμετέρας

225 2854 423 2918 αἰτίας
458 2850 630 2924 χάριν
664 2852 734 2909 τοὶ
770 2857 965 2925 ’ψευδῆ
1003 2861 1314 2922 παραινεῖν
1349 2872 1454 2911 σοι.
1521 2853 1750 2910 λεκτέον
1787 2852 1844 2909 δ’
1886 2849 2036 2908 ἐστὶν
2072 2847 2239 2923 ὅμως.
2298 2849 2455 2907 τοῦτ’

227 2936 377 3006 ἔστι,
425 2938 656 2994 πίστευέ
691 2959 816 3010 μοι,
875 2932 962 2994 ὅτι
1002 2936 1074 3008 δὴ
1122 2937 1394 3002 πολλάκις
1441 2941 1690 2996 νοσοῦσα
1735 2938 2073 2994 κατάκεισαι
2119 2931 2249 2993 κατ’
2283 2933 2460 2993 αύτὸν
2499 2945 2593 2991 110

224 3019 328 3078 τὸν
363 3025 468 3078 τοῦ
503 3019 691 3094 γάμου
725 3019 955 3091 καιρόν·
997 3019 1142 3094 αύτή
1179 3042 1266 3080 σοι
1303 3024 1676 3095 συμβουλεύει
1712 3027 1894 3087 καλῶς
1929 3018 1963 3093 ἡ
2004 3021 2143 3086 θεὸς
2167 3023 2267 3078 καὶ
2290 3040 2457 3092 προσ-

226 3111 588 3176 ταλαιπωρεῖ
613 3109 890 3179 μηδαμῶς
926 3126 989 3164 σε
1025 3107 1300 3177 γενέσθαι
1335 3105 1667 3180 ψεύδορκον
1700 3110 1799 3165 καὶ
1833 3107 2067 3163 σπεύδει
2093 3126 2153 3163 σε
2180 3103 2460 3172 σώζεσθαι

229 3191 548 3263 σωζομένης
583 3195 684 3262 τῆς
719 3197 977 3256 πίστεως.
1050 3189 1328 3251 ἐντεῦθεν
1363 3190 1472 3264 γὰρ
1509 3196 1755 3264 γίνεται,
1794 3189 1894 3256 ιὸς,
1932 3189 2130 3253 ὁσάκις
2166 3183 2242 3245 ἂν
2276 3210 2455 3260 παρα-

229 3277 505 3332 σπονδεῖν
539 3272 855 3348 άποπειρᾷ,
894 3274 1238 3341 τοσαυτάκις
1276 3274 1469 3347 ἐκείνη
1506 3296 1609 3332 σου
1647 3279 1994 3346 διορθοῦται
2020 3275 2124 3345 τὴν
2147 3271 2457 3346 ἁμαρτίαν.

232 3363 442 3430 φείδου
488 3367 676 3416 κινεῖν
720 3359 783 3417 τὸ
833 3360 1028 3419 δεινὸν
1072 3365 1173 3433 τῆς
1217 3359 1564 3433 μεγαθύμου
1608 3361 1911 3430 παρθένου
1954 3359 2148 3426 τόξον·
2222 3358 2305 3414 ἔτι
2350 3356 2460 3461 γὰρ
2500 3370 2595 3417 115

229 3446 628 3515 πραυθῆναιθ)
667 3442 942 3516 δύναται,
981 3447 1037 3503 εί
1067 3445 1248 3518 μόνον
1281 3444 1426 3517 αῦτη
1465 3442 1787 3517 ἐθελήσεις·
1844 3448 2081 3515 φείδου,
2120 3443 2351 3517 δέομαι,
2389 3465 2459 3499 τα

231 3525 486 3600 τρυφερά
536 3525 769 3602 αύτῆς9)
817 3529 958 3602 μέλη
1005 3540 1127 3596 τοῖς
1163 3538 1428 3602 πυρετοῖς
1464 3534 1873 3602 διαφθείρειν·
1934 3533 2329 3602 συντηρείσθω
2363 3553 2460 3603 μοι

234 3611 297 3668 δε
343 3612 408 3669 τὸ
455 3611 711 3685 αἰδῆμον
755 3615 1060 3684 πρόσωπον
1103 3619 1300 3686 τοῦτο,
1348 3615 1725 3688 φυλαττέσθω
1771 3637 1868 3688 μοι
1915 3610 2050 3686 οψις
2094 3611 2131 3685 ἦ
2178 3613 2320 3685 πρὸς
2354 3617 2461 3687 τὴν

233 3695 376 3768 ἐμὴν
423 3704 779 3768 γεννηθεῖσα
822 3697 1182 3771 πυρπόλησιν
1228 3702 1329 3756 καὶ
1374 3699 1438 3758 τὸ
1485 3709 1606 3766 τοῖς
1652 3698 1949 3773 χιονώδεσι
1997 3705 2204 3770 χείλεσι
2256 3697 2461 3756 λεπτὸν
2502 3720 2595 3765 120

232 3779 502 3853 ἐρύθημα
539 3779 930 3854 ύποπεφυκός.
1003 3781 1215 3856 ἐχθρός
1253 3783 1433 3855 ἐστιν,
1484 3789 1547 3842 εἴ
1573 3807 1656 3849 τις
1692 3785 1935 3857 μάχεται
1971 3781 2048 3854 μὴ
2088 3782 2363 3854 γενέσθαι
2400 3803 2459 3839 σε

230 3865 536 3936 ἡμετέραν.
586 3870 688 3924 σοῦ
721 3868 834 3940 γὰρ
869 3866 1232 3940 άσθενούσης
1267 3868 1424 3941 κάγώ
1460 3875 1641 3926 ταῦτα
1658 3874 1720 3938 ¹⁰)
1761 3872 1949 3926 εἴωθα
1984 3866 2243 3940 πάσχειν.
2290 3890 2455 3924 κατα·

229 3954 492 4020 τείνομαι
540 3948 603 4007 δ’
639 3948 841 4024 ἐπίσης
884 3956 988 4010 σοῦ
1034 3975 1098 4025 γε
1141 3949 1270 4026 ἤτοι
1316 3953 1757 4026 νυμφευομένης
1799 3947 1841 4025 ἢ
1875 3954 2327 4026 νοσηλευομένης
2361 3955 2461 4010 καὶ

379 4124 419 4191 ¹)
469 4141 576 4177 scr.
627 4124 823 4192 σαυτῇ.
985 4125 1026 4190 ²)
1079 4143 1184 4179 scr.
1231 4118 1648 4208 ῦπενεγκόντα.
1804 4127 1843 4192 ⁸)
1900 4124 2031 4180 νυνὶ
2082 4122 2148 4179 δέ
2191 4129 2461 4180 Blassius·

231 4191 276 4256 ⁴)
321 4207 426 4244 ser.
467 4181 543 4243 άν
580 4187 746 4273 ἔχοις.
885 4193 926 4258 ⁵)
975 4211 1079 4246 scr.
1118 4187 1203 4248 σύ.
1342 4195 1391 4273 ⁶)
1434 4211 1539 4248 scr.
1578 4191 1699 4261 τήν.
1840 4196 1881 4259 ⁷)
1930 4214 2037 4249 scr.
2075 4189 2314 4247 δέδοικά
2352 4213 2457 4251 σοι.

231 4257 276 4322 ⁸)
315 4275 419 4311 scr.
457 4260 849 4329 πραυνθήναι.
987 4261 1029 4328 ⁹)
1067 4279 1171 4313 sor.
1210 4261 1435 4329 σαυτῆς.
1579 4262 1641 4327 ¹⁰)
1678 4261 1887 4315 τοῦτοῗ
