2917 4992
1081 341 1454 404 ,9,-

167 517 424 596 paullum
454 514 634 573 aliter
661 512 828 572 idem
858 534 926 593 p..
952 521 1057 574 224
1104 512 1182 572 de
1230 513 1449 572 eodem
1497 515 1963 592 epigrammatos
2010 533 2150 572 mar
2192 521 2385 572 seiae

169 621 480 691 Meinuny
539 617 984 690 treuherziq,
1043 633 1104 672 so
1153 618 1295 690 yiebt
1347 619 1479 672 eben
1539 619 1719 672 dieser
1761 617 1989 690 Ausruf
2022 614 2174 691 (Ζεῦ
2218 614 2378 693 φίλε)

167 723 258 776 der
317 721 742 792 Bemunderuny
797 719 893 774 des
953 719 1208 774 Gedichts
1267 720 1372 776 viel
1427 718 1786 775 Nachdruclc.
1886 717 2031 775 hinc
2068 717 2380 794 conligas,

168 821 604 900 aliquantisper
647 819 842 876 virum
887 839 1180 879 summum
1227 818 1571 892 dubitasse,
1620 839 1763 878 num
1796 817 2154 878 Callimachi
2192 818 2385 878 verba

167 923 320 980 serio
365 921 528 980 dicta
574 940 712 980 esse
757 921 1137 980 viderentur.
1227 929 1289 979 et
1341 921 1621 998 profecto
1670 940 1745 978 ea
1790 929 1883 979 est
1929 921 2382 999 epigrammatis

167 1024 414 1102 species,
461 1032 529 1081 ut
571 1023 936 1082 iustissimus
979 1023 1060 1082 sit
1107 1021 1475 1080 dubitationi
1520 1023 1708 1081 locuS.
1768 1019 1883 1080 sed
1914 1041 2029 1099 age
2062 1042 2381 1100 argumen-

168 1127 236 1182 tis
277 1133 528 1184 utamur.
590 1123 710 1182 Ζεῦ
737 1123 898 1197 φίλε,
945 1132 1012 1182 ut
1053 1123 1220 1182 idem
1263 1143 1458 1201 genus
1506 1143 1655 1202 prae
1700 1124 1921 1182 ceteris
1966 1124 2381 1203 respiciamuS,

168 1227 663 1303 anthologiae
707 1225 870 1284 binis
900 1226 1052 1284 locis
1083 1226 1337 1284 invenio
1370 1227 1430 1284 in
1478 1224 1813 1298 ioculari
1842 1225 2145 1304 utrimque
2175 1245 2379 1298 sensu,

167 1329 217 1386 V
259 1337 358 1389 109
399 1336 459 1386 et
513 1335 630 1390 167.
695 1335 1022 1405 praeterea
1064 1328 1129 1385 in
1175 1326 1602 1405 Eupolidis
1650 1335 1743 1385 est
1786 1327 2129 1404 fragmento
2175 1328 2244 1386 II
2281 1335 2379 1388 541

165 1429 345 1486 Mein.
387 1417 520 1484 ἀλλ’
559 1409 608 1486 ὦ
642 1427 776 1501 φίλε
807 1427 955 1504 Ζεῦ,
1001 1421 1362 1503 κατάχυτλον
1404 1416 1515 1502 τὴν
1558 1415 1675 1506 ῥῖν’
1714 1425 1881 1503 ἔχεις.
1944 1429 2038 1487 cui
2084 1429 2380 1505 congruit,

170 1530 324 1608 quod
366 1531 428 1587 in
476 1531 732 1609 antiqua
776 1530 987 1608 aliqua
1031 1529 1288 1588 scutella
1315 1529 1572 1588 Herculi
1604 1531 1707 1609 qui
1744 1530 1810 1589 in
1843 1529 2175 1610 Olympum
2202 1529 2382 1588 indu-

168 1632 308 1690 citur
337 1629 648 1710 adscripta
676 1631 866 1690 verba
896 1639 1040 1691 sunt
1070 1629 1188 1688 Ζεῦ
1217 1629 1370 1704 φίλε.
1400 1627 1454 1708 ¹)
1504 1630 1709 1710 quode
1742 1632 1993 1708 egregie
2017 1615 2383 1690 Welckerus

167 1732 278 1791 alte
323 1733 589 1791 Denkm.
636 1735 737 1793 ΠΙ
780 1755 843 1812 p.
889 1739 1019 1796 419:
1091 1735 1242 1790 Dass
1293 1737 1374 1790 sie
1419 1729 1682 1809 (Athene)
1742 1736 1863 1790 dem
1904 1735 2187 1790 Herakles
2238 1734 2387 1789 nicht

166 1837 609 1904 voranschreilel‚
655 1839 755 1892 wie
792 1837 1136 1908 yewb'lmlick
1178 1837 1296 1892 und
1334 1838 1392 1890 in
1436 1837 1543 1890 den
1586 1837 1805 1892 andern
1838 1837 2031 1892 Fallen
2072 1837 2165 1890 mil
2206 1841 2383 1908 quiem

170 1935 382 2007 Granni,
447 1940 518 1992 ist
567 1938 690 1992 hier
743 1939 892 1994 sehr.
923 1939 1198 2010 passend:
1263 1940 1342 1994 sie
1397 1939 1604 2010 driinyt
1644 1941 1739 1993 mit
1790 1940 1892 1994 der
1935 1937 2181 1994 Rechten
2224 1936 2384 1992 ihren

169 2038 572 2094 Ausermiihlcen
615 2040 722 2094 den
771 2039 1086 2111 Olympiern
1129 2057 1200 2095 zu
1216 2082 1229 2107 ‚
1277 2041 1362 2095 als
1405 2040 1471 2094 ob
1514 2055 1577 2094 er
1619 2057 1693 2096 zu
1736 2040 1958 2110 solcher
1987 2040 2287 2110 Erhebuny
2328 2042 2386 2094 in

167 2143 334 2195 seiner
378 2142 556 2196 Bru-sl
597 2141 748 2196 nicht
786 2140 952 2196 Mum
991 2154 1172 2212 yenuy
1211 2140 1423 2211 scinde.-
1468 2143 1587 2196 eine
1631 2141 1959 2212 Andeutun9
2002 2142 2091 2196 die
2133 2143 2189 2195 in
2247 2140 2383 2196 Ver-

169 2239 388 2314 binduny
432 2245 526 2296 mit
565 2244 769 2298 seinem
799 2241 1030 2314 Ausruf
1064 2241 1184 2297 Ζεῦ
1226 2236 1361 2313 φίλε
1405 2243 1511 2298 das
1552 2243 1857 2314 demiuhiye
1890 2242 2097 2314 Gefiihl
2136 2242 2222 2296 bei
2263 2242 2384 2296 dem

179 2343 482 2416 Ueberyany
525 2359 637 2399 aus
694 2345 797 2398 der
841 2343 1221 2399 Sterblichlceil
1270 2350 1432 2400 unler
1488 2345 1574 2400 die
1620 2347 1807 2401 Giiller
1862 2347 1993 2401 naiv
2050 2341 2379 2399 ausdri'cclct.

173 2462 341 2520 quare
398 2444 526 2502 iure
585 2443 816 2521 poteris
875 2443 1111 2516 dicere,
1171 2444 1288 2502 isto
1336 2442 1456 2502 Ζεῦ
1499 2443 1633 2517 φίλε
1695 2444 2007 2522 adscripto
2051 2443 2384 2502 Herculem

167 2544 374 2603 leviter
418 2545 783 2602 comicam
828 2544 1111 2604 denotari
1155 2564 1515 2622 personam,
1565 2547 1763 2626 qualis
1809 2565 2000 2624 saepe
2043 2545 2150 2603 ille
2182 2545 2386 2622 pingi-

170 2641 342 2721 tur.²)
432 2645 816 2723 perinsignis.
871 2645 1102 2704 deinde
1163 2665 1236 2705 ac
1292 2647 1651 2724 singularis,
1714 2649 1767 2704 si
1828 2647 1963 2724 quis
2024 2629 2385 2705 Callimachi

168 2765 322 2804 usum
391 2746 644 2806 dicendi
709 2748 1024 2825 pernovit,
1095 2749 1505 2807 constantium
1572 2747 1892 2826 epitheton
1962 2766 2135 2819 usus,
2210 2749 2383 2802 θεῖον

168 2835 354 2904 ἀοιδόν
412 2857 473 2907 et
515 2837 711 2922 ξανθὴ
758 2837 995 2922 Ἰόλεια,
1056 2869 1309 2928 quorum
1365 2850 1672 2928 posterius
1728 2849 1795 2906 in
1850 2849 1985 2929 ipso
2047 2847 2388 2927 Creophyli

173 2949 421 3008 carmine
478 2950 664 3009 valde
732 2951 1188 3030 frequentatum
1253 2951 1444 3010 fuisse
1502 2950 1823 3030 probabile
1882 2959 1993 3010 cst.
2082 2970 2264 3028 porro
2318 2950 2385 3008 in

174 3051 429 3111 notando
461 3051 618 3110 libro
662 3052 1022 3130 quaesita
1063 3051 1369 3130 quaedam
1401 3053 1669 3112 cernitur
1697 3053 1983 3112 ieiunitas
2018 3060 2079 3110 et
2111 3052 2384 3110 exilitas:

173 3149 324 3210 κλείω
372 3139 426 3208 δ’
465 3141 742 3231 Εὔρυτον
783 3140 908 3209 3σσ’
959 3149 1189 3211 ἔπαθεν
1234 3150 1337 3210 καὶ
1380 3146 1614 3228 ξανθὴν
1647 3141 1911 3211 Ἰόλειαν.
1974 3172 2185 3212 nonne
2228 3153 2387 3210 haec

175 3252 281 3311 eius
325 3263 424 3313 est
477 3255 666 3332 ratio,
732 3255 836 3334 qui
893 3264 1179 3333 suscepto
1237 3257 1491 3315 alicuius
1549 3256 1639 3315 rei
1681 3256 1881 3314 minus
1936 3261 2150 3330 gratae
2205 3273 2383 3332 prae—

175 3355 326 3414 conio
389 3355 474 3414 ita
541 3343 924 3432 defungitur,
993 3365 1060 3414 ut
1088 3357 1252 3434 =ipsa
1316 3358 1599 3434 vulgaria
1652 3357 1921 3435 tritaque
1986 3355 2384 3414 festinantius

83 3463 99 3486 ·
178 3451 494 3516 decantans
526 3456 798 3515 taedium
827 3478 1000 3516 suum
1033 3458 1209 3536 quasi
1239 3459 1412 3518 vultu
1442 3478 1593 3536 prae
1625 3477 1693 3517 se
1724 3457 1929 3516 ferat?
1975 3457 2205 3517 deinde
2237 3453 2385 3535 μέγα

176 3574 392 3632 vocem,
447 3559 499 3616 si
547 3557 800 3637 quidem.
839 3579 907 3618 re
953 3579 1102 3618 vera
1146 3559 1511 3639 praedicare
1556 3568 1745 3640 poeta
1787 3559 2043 3619 volebat
2084 3560 2385 3618 honorem

287 3773 330 3837 ¹)
364 3777 434 3828 V.
472 3775 739 3828 Gerhard.
775 3777 1187 3827 Trinkschalen
1230 3777 1347 3829 tab.
1386 3779 1435 3828 6.
1476 3780 1522 3829 7.
1573 3779 1645 3829 cf.
1682 3779 1838 3829 Iahn.
1879 3777 2158 3828 archaeol.
2197 3775 2381 3825 Aufss.

176 3871 215 3917 p.
250 3861 338 3909 115
374 3876 474 3924 sq„
515 3853 937 3927 Vasenkatalog
971 3879 1026 3927 p.
1065 3862 1256 3912 CXIV.

285 3942 324 4004 ²)
358 3944 486 3994 Huc
534 3946 776 4008 pertinet
821 3947 990 3996 etiam
1042 3951 1164 3997 tota
1216 3948 1460 3998 narratio
1509 3947 1844 3997 Callimachi
1896 3948 1963 3996 de
2012 3944 2271 3994 Herculis
2324 3946 2384 3994 in

178 4022 380 4092 Olympo
427 4028 609 4090 victU,
659 4030 717 4078 in
762 4031 928 4080 Dian.
971 4033 1252 4082 142—-162,
1291 4033 1430 4096 quod
1486 4031 1781 4081 Cobetus
1835 4047 1969 4080 sane
2018 4044 2213 4094 parum
2259 4046 2387 4095 per-

176 4112 398 4171 spexisse
443 4113 690 4177 videtur,
742 4115 834 4178 qui
873 4115 1214 4166 Callimacho
1263 4117 1404 4166 male
1455 4117 1741 4165 admodum
1780 4131 1892 4164 rem
1930 4114 2167 4165 cessisse
2203 4119 2381 4180 putat,

177 4196 402 4255 quoniam
427 4199 555 4246 talia
591 4200 642 4246 in
675 4201 812 4249 serio
847 4203 1066 4250 carmine
1096 4203 1336 4264 finxerit,
1377 4216 1519 4266 quae
1545 4200 1652 4266 ipsi
1690 4201 1910 4250 ridicula
1934 4198 2268 4251 viderentur.
2308 4200 2381 4251 cf.

177 4290 406 4331 mnemos.
445 4283 494 4330 X
533 4298 589 4345 p.
625 4285 724 4332 393
750 4298 836 4347 sq.
1393 4273 1398 4280 ’
