2917 4992
1111 314 1531 408 ..267-

223 529 286 580 ll
333 516 478 601 (10):
534 521 622 576 his
665 537 960 593 proxuma
1013 521 1370 591 amplitudine
1411 522 1562 576 maia
1610 536 1755 593 quae
1796 537 2053 578 vocamus
2110 526 2341 578 cotonea
2388 527 2443 577 et

223 624 416 678 Graeci
452 623 720 696 Cydonia,
782 637 814 677 e
855 621 1026 678 Creta
1068 623 1252 678 insula
1295 621 1531 679 advecta
1568 661 1583 676 .
1616 661 1630 676 .
1657 663 1671 678 .
1699 665 1711 676 .
1755 623 1927 695 plara
1983 638 2171 678 eorum
2212 637 2441 695 yenera.

218 723 542 796 chrysomela
593 725 860 780 incisuris
913 724 1174 780 distincta
1189 765 1204 792 ,
1265 725 1450 780 colore
1506 724 1586 779 ad
1638 741 1839 780 aarum
1892 725 2178 781 inclinato.
2265 742 2349 796 qu
2363 741 2399 779 a
2415 739 2445 780 e

218 825 663 898 candidiora,
725 827 1008 882 nostratia
1053 827 1467 898 cognominata,
1510 826 1750 882 odoris
1780 828 2442 902 praestantissimi.

378 940 669 1021 Cydippa
725 942 940 1000 recitat
997 939 1424 1004 iusiurandum
1479 938 1535 999 εἰ
1586 937 1687 1000 καὶ
1744 928 2031 1000 ἀκούσιόν
2085 961 2147 1000 τε
2200 937 2302 1000 καὶ
2346 933 2443 998 νόυ

36 1057 38 1094 ÷
215 1046 344 1100 θον.
427 1051 490 1101 at
545 1062 757 1102 nonne
815 1042 1029 1102 mirum
1086 1052 1208 1117 est,
1269 1042 1334 1101 id
1377 1044 1580 1122 ipsum
1622 1045 2029 1104 iuramentum
2088 1043 2209 1103 dici
2263 1031 2445 1101 ἀκού-

215 1136 336 1201 σιόν
375 1163 434 1202 τε
479 1139 581 1202 καὶ
626 1133 849 1216 νόθον,
909 1145 1078 1204 cuius
1136 1144 1356 1216 efficax
1398 1145 1495 1204 vis
1541 1165 1612 1203 ac
1654 1147 1949 1206 sanctitas
1995 1153 2129 1206 tota
2173 1165 2443 1224 compro-

213 1245 381 1306 betur
424 1245 684 1306 fabula?
757 1246 942 1323 igitur
986 1266 1113 1305 non
1161 1244 1404 1320 dubito,
1471 1247 1621 1326 quin
1663 1247 1765 1306 hic
1810 1246 2043 1327 aliquid
2089 1247 2445 1326 peccaverit

211 1348 496 1427 sophista.
585 1347 867 1426 suspicor
911 1355 1149 1421 autem,
1216 1347 1382 1406 hunc
1428 1346 1663 1408 duobus
1708 1349 1831 1408 illis
1887 1348 2202 1410 vocabulis
2259 1369 2446 1408 unum

215 1450 586 1529 expressisse
646 1449 812 1528 quod
871 1447 1282 1509 Callimachus
1345 1448 1715 1509 adhibuerit.
1805 1470 1877 1509 ac
1935 1450 2090 1510 dixit
2145 1452 2211 1509 ni
2266 1451 2447 1512 fallor

211 1560 387 1629 poeta
445 1552 596 1610 artis
653 1551 903 1610 omnino
961 1551 1294 1625 vocabula,
1350 1559 1417 1610 ut
1465 1549 1725 1611 Ovidius
1786 1550 2193 1626 demonstrat,
2260 1573 2337 1611 ea
2378 1553 2443 1610 in

211 1671 416 1711 caussa
462 1651 675 1732 lepide
719 1671 1057 1730 usurpans,
1117 1652 1540 1714 iusiurandum
1596 1642 1884 1727 ἐπακτόν,
1940 1655 2018 1722 h.
2050 1673 2105 1713 e.
2153 1653 2441 1727 delatum,

210 1773 358 1832 quae
415 1753 586 1814 notio
644 1753 825 1812 unice
871 1755 1164 1834 convenit
1206 1755 1348 1814 huic
1391 1755 1551 1814 loc0.
1598 1754 1677 1813 cf.
1723 1755 2097 1814 Kuesterum
2142 1754 2222 1813 ad
2269 1754 2440 1814 Suid.

207 1845 450 1926 ἐπακτὸς
511 1844 694 1933 ’ὅρκος
753 1863 814 1914 et
873 1855 1146 1916 editores
1201 1876 1476 1936 paroem.
1538 1855 1705 1917 Gott.
1766 1855 1848 1914 ad
1904 1856 2139 1915 Zenob.
2196 1855 2299 1915 ΠΙ
2350 1866 2440 1917 80.

206 1957 368 2041 quod
415 1957 470 2017 si
515 1957 604 2016 ita
650 1965 772 2030 est,
807 1976 896 2026 ‚en
947 1977 1068 2036 quo
1111 1957 1296 2018 modo
1343 1959 1581 2018 numeri
1624 1965 1851 2037 sponte
1896 1967 2315 2036 emergantur:

32 1222 41 1922 ——-————-———-

691 2083 872 2170 ὅρκον
895 2136 1359 2154 ............
1391 2090 1446 2152 εἰ
1488 2089 1591 2152 καὶ
1634 2085 1907 2152 ἐπακτόν.
1939 2167 1944 2172 ⁸

201 2245 408 2326 itaque
455 2245 892 2306 Aristaenetus
939 2237 1195 2324 ἐπακτός
1253 2265 1467 2325 parum
1527 2244 1832 2305 subtiliter
1874 2247 1959 2303 in.
1984 2236 2262 2315 ἀκούσιος
2305 2266 2441 2305 ver-

198 2349 347 2407 tisse
393 2368 525 2408 non
573 2356 900 2407 contentus
943 2347 1234 2432 idemque
1277 2334 1593 2418 ἆκουσίους
1636 2339 1851 2426 ’ὅρκους
1894 2367 1931 2405 a
1961 2348 2107 2406 iuris
2152 2348 2443 2406 consultis

195 2449 398 2510 irritos
470 2448 592 2508 dici
657 2449 1098 2528 intempestive
1164 2469 1396 2510 memor
1454 2449 1676 2528 pingui
1741 2470 1927 2508 manu
1988 2447 2442 2510 Callimacheae

196 2552 549 2610 sententiae
592 2549 863 2610 turbavit
909 2551 1302 2628 elegantiam.

365 2669 578 2728 Delati
623 2669 810 2746 igitur
865 2669 1264 2729 iurisiurandi
1309 2667 1509 2728 verba
1567 2668 1710 2728 dum
1763 2669 1983 2728 recitat
2037 2669 2275 2748 pudore
2319 2669 2440 2728 vir·

195 2771 389 2848 gineo
435 2770 808 2850 praepedita
868 2772 1313 2850 nuptiarum
1367 2770 1475 2829 illa
1534 2771 1817 2849 proloqui
1875 2771 2250 2830 mentionem
2314 2791 2439 2829 non

193 2870 494 2946 sustinet,
532 2872 669 2931 'sed
719 2882 990 2933 extremo
1046 2871 1346 2931 vocabulo
1401 2871 1607 2931 medio
1653 2861 1985 2951 suppresso
2043 2871 2262 2951 proicit.
2317 2869 2441 2930 ma'-

192 2975 344 3033 lum.
370 3007 454 3014 —
486 2993 645 3053 quae
675 2973 952 3033 narranti
984 2972 1358 3034 Callimacho
1391 2963 1835 3033 obversabatur
1861 2973 2029 3034 haud
2064 2971 2264 3048 dubie,
2298 2975 2443 3033 licet

191 3096 380 3134 nemo
428 3075 544 3134 hoc
587 3075 992 3154 interpretum
1035 3075 1419 3135 Aristaeneti
1465 3075 2002 3150 animadverterit,
2061 3076 2313 3136 Homeri
2360 3074 2439 3133 de

189 3176 508 3237 Nausicaa
551 3196 765 3236 versus
812 3175 845 3245 ζ
884 3183 983 3240 66:

501 3302 580 3383 ὣς
625 3303 799 3387 ἔφατ’
817 3329 832 3344 ·
879 3277 1082 3372 αἴδετο
1123 3301 1240 3391 γάρ
1283 3300 1546 3392 θαλερὸν
1588 3303 1781 3395 γάμον
1824 3306 2175 3388 ἐξονομῆναι

501 3409 680 3492 πατρὶ
725 3413 899 3495 φίλῳ.

28 3639 30 3660 Ι
192 3586 384 3645 quam
441 3568 770 3626 cumulavit
823 3587 976 3627 sane
1037 3567 1443 3626 Callimachus
1500 3568 1905 3627 sententiam
1935 3566 2273 3640 addendo,
2317 3568 2440 3626 tale

28 3691 30 3718 ι
188 3667 353 3728 illud
417 3688 552 3727 esse
608 3666 1002 3742 vocabulum,
1075 3668 1240 3748 quod
1296 3670 1400 3728 vel
1437 3669 1577 3728 alio
1638 3670 2081 3748 pronuntiante
2139 3690 2266 3728 non
2319 3655 2440 3727 nisi

191 3768 570 3829 erubescens
633 3768 878 3830 audiret
926 3789 1145 3829 severa
1193 3771 1521 3850 quaepiam
1566 3772 1777 3849 virgo.
1846 3793 1952 3829 και
1997 3768 2279 3827 τοσοῦτον
2322 3763 2436 3839 ἐξε-

189 3869 494 3948 φοινίχθη
535 3859 601 3929 τὸ
644 3861 999 3949 πρόσωπον,
1057 3862 1134 3942 ὦς
1182 3868 1413 3946 δοκεῖν,
1472 3891 1564 3931 οτι
1618 3871 1737 3930 τῶν
1791 3869 2057 3950 παρειῶν
2107 3868 2280 3927 ἔνδον
2324 3855 2442 3947 εἶχέ

189 3993 334 4032 τινα
402 3967 598 4050 ῥόδων
654 3971 912 4050 λειμῶνα
977 3993 1078 4030 και
1138 3963 1202 4031 τὰ
1260 3965 1535 4052 ἐρύθημα
1593 3972 1767 4031 τοῦτο
1820 3967 2027 4050 μηδὲν
2062 3971 2177 4029 τῶν
2232 3974 2440 4046 χειλῶν

28 4045 31 4126 i
188 4067 380 4150 αὐτῆς
425 4070 749 4152 διαφέρειν.
835 4076 991 4135 haec
1038 4095 1072 4134 e
1117 4076 1879 4136 Musaeo-Aristaenetum
1924 4081 2257 4133 mutuatum
2302 4095 2439 4134 esse

189 4176 363 4236 haud
411 4179 635 4255 exigua
678 4178 812 4236 veri
855 4178 1066 4257 specie
1110 4177 1351 4236 Tollius
1397 4177 1742 4256 suspicatus
1790 4185 1902 4236 est.
1988 4177 2103 4234 iste
2152 4177 2315 4234 enim
2361 4177 2438 4235 de

185 4281 346 4340 Her.
393 4287 464 4341 58
503 4301 646 4360 sqq.

1944 4377 1987 4442 5
1998 4379 2033 4418 ae
