2917 4992
1409 315 1831 382 mm...

504 491 635 552 XX
665 490 758 570 59)
808 502 869 552 et
896 491 1356 570 Propertius
1385 490 1479 552 IV
1508 499 1561 565 3,
1609 500 1979 570 praeterque
2023 489 2135 550 hos
2182 511 2261 550 ex
2302 501 2481 570 parte
2526 503 2761 552 auctor

506 595 913 673 cynegeticon
963 593 1066 672 qui
1099 590 1425 670 Oppianus
1473 593 1695 651 dicitur
1724 593 1757 650 I
1802 599 1867 652 16
1896 612 2034 672 sqq.
2096 594 2491 654 sexcentiens
2535 605 2758 654 autem

503 696 770 754 Romani
814 701 1038 773 poetae
1095 714 1204 752 suo
1263 694 1493 772 passim
1549 694 1887 770 gloriantur
1946 713 2081 752 cum
2122 695 2313 754 Musis
2377 697 2754 755 commercio

503 797 844 877 haustaque
909 794 1026 854 sibi
1089 814 1262 854 sacra
1324 794 1641 873 Apollinis
1705 814 1894 874 aqua,
1964 796 2169 874 quode
2234 794 2397 854 bene
2464 796 2756 875 disputat

503 898 798 957 Lehrsius
852 897 1062 976 popul.
1125 895 1336 954 Aufss.
1393 916 1456 975 p.
1505 904 1602 958 107
1651 916 1745 974 sq.
1834 915 1977 954 nam
2036 895 2461 974 cogitabantur
2514 898 2581 956 hi
2645 898 2757 956 vel

507 999 650 1058 dum
693 1000 760 1057 in
805 1017 1057 1056 nemora
1103 1006 1164 1056 ct
1207 997 1377 1056 lucos
1420 996 1791 1057 recederent
1817 997 2011 1057 Musis
2062 982 2381 1057 oberrasse
2410 999 2752 1057 Heliconis

504 1100 918 1179 Parnassique
964 1105 1142 1156 antra
1186 1097 1604 1157 habitantibus
1622 1095 1673 1176 ¹)
1718 1099 1824 1156 vel
1867 1119 1981 1176 per
2026 1120 2305 1158 somnum
2348 1099 2567 1158 eodem
2602 1119 2750 1158 esse

505 1201 705 1259 animo
753 1199 1000 1259 abducti
1045 1207 1231 1278 atque
1294 1200 1653 1258 entheam
1698 1219 1964 1279 aquam
2008 1199 2315 1260 bibisse
2361 1200 2439 1259 ab
2481 1202 2607 1259 illis
2657 1201 2751 1258 ibi

503 1303 926 1360 ministratam.
1035 1300 1250 1379 itaque
1319 1321 1452 1359 cum
1520 1300 1929 1360 Callimachus
1998 1321 2244 1381 quoque
2311 1322 2545 1360 sacram
2624 1303 2750 1360 sibi

505 1423 725 1482 aquam
780 1422 816 1460 a
874 1401 1160 1480 Calliopa
1213 1401 1279 1459 in
1333 1402 1642 1460 Helicone
1700 1400 1906 1460 datam
1961 1404 2175 1481 procul
2232 1402 2413 1463 dubio
2466 1405 2746 1474 finxerit,

503 1505 637 1562 veri
695 1503 1022 1563 admodum
1078 1523 1259 1582 quam
1315 1503 1513 1562 simile
1570 1511 1689 1577 est,
1755 1503 1834 1563 ad
1889 1504 2052 1562 hunc
2109 1504 2487 1582 potissimum
2543 1505 2749 1562 verba

503 1608 784 1684 spectare
829 1602 899 1661 οῖ’
932 1648 946 1662 .
989 1645 1002 1659 .
1044 1649 1059 1662 .
1123 1595 1348 1678 κρήνης
1393 1599 1449 1675 ἐξ
1496 1602 1657 1680 ἱερῆς
1712 1603 1909 1662 πίνετε
1966 1593 2130 1661 λιτὸν
2184 1596 2361 1682 ὕδωρ.
2454 1607 2550 1663 cui
2596 1625 2747 1664 sen-

501 1707 736 1765 tentiae
781 1715 842 1764 et
886 1699 1051 1762 λιτόν
1097 1707 1346 1784 egregie
1393 1706 1585 1764 favet.
1631 1725 1775 1764 nam
1819 1709 2131 1779 paullulum
2176 1724 2357 1780 aquae
2400 1707 2745 1764 carminum

502 1815 676 1866 notat
720 1808 1088 1886 parvitatem
1133 1808 1314 1865 solita
1356 1807 1780 1865 translatione.
1850 1797 2205 1883 ὕδροπόταις
2247 1826 2362 1886 per
2404 1807 2746 1866 ludibrium

502 1909 646 1966 hinc
707 1909 882 1966 dictis
939 1916 1336 1986 opponuntur
1378 1907 1901 1970 Archilochus
1957 1909 2275 1988 virilisque
2326 1907 2741 1982 Homerus',

502 2018 568 2067 ut
613 2008 829 2089 quibus
874 2010 1131 2067 vinum
1173 2009 1473 2068 libaturus
1518 2010 1598 2068 sit
1641 2017 1859 2087 poeta,
1908 2008 2073 2089 quod
2120 2009 2201 2068 ad
2247 2009 2481 2068 natalia
2510 2011 2742 2070 utrius-

503 2129 622 2189 que
667 2118 888 2188 poetae
934 2109 1151 2168 eodem
1196 2109 1298 2168 die
1343 2130 1382 2168 a
1427 2110 1681 2170 Graecis
1737 2111 2046 2169 celebrata
2101 2109 2503 2189 probabiliter
2544 2121 2741 2170 rettu-

502 2213 650 2270 lere.
704 2213 826 2269 iam
859 2211 1006 2269 mihi
1053 2211 1190 2290 quis
1237 2230 1382 2271 casu
1426 2212 1559 2270 fieri
1607 2211 1787 2284 dicat,
1837 2210 2004 2290 quod
2036 2213 2435 2290 contemptim
2466 2214 2743 2272 eundem

501 2313 933 2370 Archilochum
977 2321 1046 2372 ut
1088 2314 1473 2371 vinolentum
1518 2313 1798 2391 increpat
1843 2311 2251 2372 Callimachus
2296 2315 2593 2392 frgs223:

1798 2446 1905 2506 τοῦ
1947 2447 2329 2526 μεθυπλῆγος

907 2545 1189 2626 φροίμιον
1222 2539 1588 2626 Ἀρχιλόχου.
1618 2545 1670 2625 ²)

502 2706 645 2744 nam
718 2685 884 2764 quod
957 2684 1302 2762 legebatur·
1334 2671 1681 2761 Ἀντιλόχου
1757 2683 1983 2744 dudum
2050 2685 2315 2744 correxit
2380 2687 2737 2747 Meinekius

504 2787 725 2845 delect.
772 2809 834 2864 p.
873 2795 964 2846 121
1014 2796 1275 2866 postque
1320 2789 1483 2846 hunc
1512 2787 1833 2846 Heckerus
1883 2796 2205 2846 comment.
2240 2786 2478 2846 Callim.
2511 2809 2572 2866 p.
2621 2799 2736 2850 146.

499 2888 653 2946 haec
698 2887 862 2944 enim
906 2889 1155 2945 nomina
1199 2887 1408 2946 crebro
1455 2888 1937 2948 confunduntur.
1985 2889 2066 2946 cf.
2096 2888 2325 2966 Bergk.
2373 2898 2564 2968 poett.
2618 2892 2735 2970 lyr.

501 3009 562 3066 p.
609 2995 712 3050 575
765 3007 879 3066 sq.,
939 2989 1044 3066 qui
1101 2989 1332 3047 addere
1387 2996 1661 3068 poterat,
1722 2989 1887 3070 quod
1943 2990 2010 3047 in
2068 2998 2255 3068 etym.
2314 2989 2475 3052 Grud.
2526 2999 2648 3065 180,
2705 3000 2740 3052 8

500 3110 611 3168 pro
635 3078 972 3172 Ἀντίλοχον
1011 3089 1402 3149 scribendum
1447 3099 1541 3150 est
1561 3078 1918 3168 Ἀρχίλοχον.
1967 3111 2043 3150 ex
2072 3091 2495 3152 Archilocheis
2527 3101 2739 3152 autem

634 3324 675 3388 1)
712 3325 897 3376 Veluti
933 3341 985 3376 v.
1024 3341 1069 3376 ο.
1094 3325 1304 3391 Vergil.
1341 3326 1524 3377 bucol.
1564 3327 1638 3378 v1
1673 3327 1739 3376 64
1763 3313 1881 3392 sqq.
1920 3326 1987 3375 de
2026 3325 2205 3376 cano.
2280 3295 2347 3377 a}
2384 3327 2563 3377 simile
2606 3329 2737 3393 quid

499 3409 609 3457 iam
655 3411 900 3458 incertus
942 3410 1150 3473 lyricus
1194 3415 1547 3472 narraverat,
1577 3406 1749 3460 ’cuius
1796 3411 1901 3475 frg.
1940 3416 2024 3460 ent
2060 3412 2117 3460 in
2155 3416 2320 3474 etym.
2360 3428 2427 3462 m.
2466 3413 2594 3474 513,
2645 3415 2733 3462 18:

498 3490 780 3557 Κιδαλίης
815 3491 1089 3557 κρηνίδος
1127 3485 1489 3560 ἐπλανήθην.

632 3575 674 3636 ²)
710 3577 1000 3626 Bentleius
1045 3580 1325 3642 optionem
1372 3581 1523 3629 dedit
1569 3579 1660 3630 vel
1696 3580 1785 3629 ita·
1825 3579 2190 3645 fragmentum
2239 3581 2591 3645 concipiendi
2645 3582 2735 3632 vel

496 3666 898 3725 pentametrum
933 3660 1153 3725 plenum
1192 3663 1474 3714 efficiendi
1508 3664 1707 3716 vocula
1743 3679 1803 3713 τε
1839 3669 1962 3728 post
1997 3662 2099 3713 τοῦ
2126 3665 2438 3714 inserenda.
2502 3681 2733 3728 quorum

495 3746 770 3810 posterius
816 3745 1029 3810 placuit
1067 3747 1441 3799 Valckenario
1480 3748 1695 3798 Callim.
1735 3748 1875 3812 eleg.
1917 3749 2061 3814 frgg.
2099 3765 2151 3813 p.
2179 3750 2295 3808 296,
2332 3748 2551 3799 Naekio
2588 3751 2728 3798 Hec.

495 3847 547 3894 p.
589 3831 685 3880 140
733 3835 788 3878 et
821 3831 1103 3881 Meinekio
1151 3832 1349 3882 delect.
1396 3851 1449 3898 p.
1492 3835 1615 3896 121,
1666 3817 1757 3881 cll.
1796 3831 2016 3884 Callim.
2052 3850 2107 3898 p.
2144 3834 2243 3882 272
2280 3848 2353 3896 n.,
2404 3834 2557 3898 prius
2594 3834 2730 3883 mihi

495 3915 776 3978 probatur.
849 3931 975 3963 nam
1021 3916 1128 3964 hac
1175 3917 1386 3966 ratione
1434 3932 1557 3966 cum
1602 3916 1756 3966 nulla
1798 3932 1933 3983 opus
1970 3918 2043 3967 sit
2079 3918 2409 3980 mutatione,
2458 3921 2572 3967 tum
2612 3934 2729 3968 cor·

496 4003 708 4063 reptam
744 3999 920 4049 habes
957 4017 992 4050 v
1028 4000 1086 4048 in
1121 3999 1497 4066 μεθνπλῆνος
1534 4017 1603 4050 ea
1636 4003 1761 4065 ipsa
1797 4017 1987 4053 versus
2025 4001 2174 4065 sede,
2214 4018 2323 4068 qua
2349 4002 2727 4053 Callimachus

497 4086 555 4130 et
601 4083 740 4133 alias
787 4085 1015 4149 corripit
1050 4084 1299 4135 vocalem
1335 4085 1587 4148 brevem,
1638 4101 1777 4150 quae
1814 4086 1871 4134 in
1921 4088 2109 4137 eodem
2156 4086 2430 4138 vocabulo
2470 4103 2728 4152 praegre-

497 4165 680 4236 diatur
723 4172 929 4218 mutam
979 4183 1099 4217 cum
1145 4169 1376 4234 liquida.
1447 4169 1521 4219 cf.
1570 4171 1628 4218 in
1666 4169 1852 4220 Cerer.
1890 4173 1956 4220 36
2004 4161 2349 4233 (dauveus),
2399 4186 2485 4234 ep.
2528 4172 2656 4222 XVI
2694 4173 2725 4216 3

497 4242 854 4316 (ἄποβρίζει).
909 4267 1014 4315 qua
1051 4252 1120 4302 de
1156 4269 1214 4302 re
1251 4269 1445 4318 parum
1473 4258 1741 4302 accurata
1768 4259 1853 4304 est
1876 4255 2057 4326 Naeki
2092 4255 2128 4306 l.
2169 4272 2215 4304 c.
2256 4255 2576 4319 disputatio,
