2917 4992
1344 329 1809 393 —110—

632 503 770 563 Hoc
813 503 999 580 igitur
1043 503 1250 563 fallaci
1295 512 1657 564 ornamento
1701 504 1823 564 iam
1869 503 2085 564 orbata
2128 503 2446 585 Ctesyllae
2491 503 2701 564 fabula

467 625 588 686 quo
641 606 898 666 tandem
954 606 1204 666 nomine
1250 625 1380 665 cum
1429 605 1845 666 Callimachea
1898 615 2106 686 potest
2150 608 2520 688 comparari,
2578 607 2700 666 nisi

466 708 630 768 forte
675 709 742 768 in
799 709 1047 768 minutis
1095 705 1457 788 quibusdam
1501 706 1711 782 rebus,
1774 727 1927 788 quas
1972 709 2218 768 soleant
2262 708 2511 769 fabulae
2553 709 2699 768 illae

465 811 800 870 amatoriae
866 829 1214 870 communes
1278 808 1555 869 habere?
1630 830 1750 890 quo
1816 811 2169 889 perversior
2238 809 2439 870 videri
2514 809 2703 869 debet

465 910 907 972 Broendstedti
947 910 1289 983 sententia,
1339 911 1444 990 qui
1486 911 1647 970 ultra
1689 911 2127 970 Buttmannum
2170 931 2532 990 progressus
2579 909 2701 991 Cy-

469 1013 702 1093 dippae
733 1013 1050 1073 historiam
1095 1011 1251 1071 nihil
1299 1031 1434 1071 esse
1480 1012 1602 1071 nisi
1630 1021 1861 1072 merum
1889 1013 2331 1073 imitamentum
2378 1014 2507 1074 eius
2540 1031 2702 1092 quae

470 1113 550 1174 de
598 1114 881 1194 Ctesylla
935 1123 1188 1173 narrata
1233 1115 1396 1174 e‘sset
1449 1111 1701 1173 mirifica
1745 1113 1927 1174 docet
1980 1115 2515 1194 argumentatione
2558 1114 2601 1173 l.
2648 1133 2700 1172 c.

467 1236 530 1295 p.
565 1225 652 1298 52.
717 1236 932 1276 verum
976 1216 1092 1274 hoc
1137 1215 1321 1274 etiam
1363 1215 1559 1274 vincit
1603 1215 1861 1276 confusa
1903 1217 2279 1276 halucinatio
2311 1213 2700 1293 Hertzbergi,

471 1319 575 1397 qui
629 1319 890 1377 affirmat
949 1317 1050 1377 die
1103 1317 1203 1376 El.
1267 1316 1325 1376 d.
1373 1315 1557 1377 Alex.
1612 1318 1655 1377 l.
1703 1337 1754 1376 c.
1814 1339 1876 1396 p.
1942 1327 2067 1382 180:
2148 1322 2269 1376 Wir
2321 1320 2541 1376 kennen
2598 1320 2705 1374 den

467 1421 664 1478 Inhalt
727 1422 882 1478 theils
947 1435 1054 1477 aus
1113 1421 1218 1477 den
1271 1421 1639 1491 promis-chen
1694 1421 2172 1495 Nachahmunyen
2230 1422 2327 1478 des
2380 1423 2702 1477 Aristaene-

469 1530 556 1578 tus
607 1523 727 1578 und
769 1524 1040 1579 Antonius
1101 1517 1240 1599 (sic)
1288 1522 1561 1578 Liberalis
1576 1565 1591 1591 ‚
1647 1523 1891 1578 welcher
1944 1525 2176 1580 Ietztere
2234 1538 2338 1580 aus
2383 1522 2707 1578 Nikanders

481 1624 957 1698 Vermandlunqen
997 1623 1308 1697 yeschoepf
1305 1629 1328 1678 t
1370 1642 1442 1679 zu
1486 1623 1665 1680 haben
1707 1625 1923 1680 scheint
1936 1669 1950 1692 ,
1998 1626 2160 1682 theils
2204 1642 2258 1682 e.
2306 1643 2367 1704 q.
2414 1643 2464 1682 s.
2511 1641 2705 1702 quare

471 1745 604 1784 cum
661 1724 978 1805 Ctesyllae
1035 1723 1272 1797 fabula,
1333 1724 1504 1804 quali
1564 1723 1812 1805 quidem
1869 1725 2083 1783 nativa
2133 1723 2379 1784 videtur
2432 1725 2703 1804 vivaque

470 1827 664 1886 forma
693 1827 903 1900 fuisse,
937 1846 1065 1885 non
1095 1824 1278 1884 modo
1310 1845 1438 1884 non
1476 1825 1558 1884 ad
1592 1826 1858 1886 eundem
1887 1825 2106 1886 redeat
2136 1826 2401 1905 priscum
2422 1826 2700 1906 mythum

470 1947 542 1986 ac
573 1927 906 2009 Cydippae
938 1925 1164 2000 fabula,
1211 1925 1323 1985 sed
1368 1927 1454 1985 ita
1501 1928 1685 1986 etiam
1728 1927 1806 1986 ab
1849 1927 1966 1987 hac
2010 1928 2339 2008 discrepet,
2386 1935 2610 1988 neutra
2639 1935 2705 1987 ut

470 2029 650 2088 alteri
705 2028 904 2087 lucem
969 2026 1190 2086 afferre
1249 2035 1435 2107 queat
1451 2074 1465 2102 ,
1532 2028 1692 2089 iusto
1763 2029 1894 2089 iure
1951 2029 2368 2089 Nicandream
2434 2027 2703 2089 fabulam

469 2131 590 2189 iam
633 2137 824 2189 totam
869 2126 1309 2207 ablegabimus.

637 2233 973 2312 Postquam
1035 2230 1133 2289 his
1191 2230 1663 2291 fundamentum
1718 2231 2125 2316 subtraximus
2180 2233 2705 2293 Buttmannianae

471 2333 946 2406 ratiocinationi,
991 2331 1112 2391 iam
1155 2331 1358 2409 ipsum
1403 2333 1535 2392 eius
1576 2335 1763 2393 finem
1810 2343 2090 2394 evertere
2139 2333 2514 2395 conabimur.

637 2435 921 2514 Namque
987 2434 1040 2493 si
1105 2431 1354 2493 fabulae
1422 2454 1605 2514 quam
1672 2435 2083 2516 disceptamus
2147 2437 2403 2517 respicis
2470 2456 2707 2497 cursum

471 2547 658 2618 atque
706 2537 964 2609 exitum,
1024 2555 1098 2596 ea
1153 2555 1231 2594 ex
1288 2543 1456 2595 certa
1502 2536 1769 2616 quadam
1814 2539 2141 2619 analogiae
2185 2540 2327 2618 lege
2372 2559 2454 2598 ne
2498 2547 2708 2618 potest

473 2638 724 2721 quidem
752 2639 841 2697 ita
869 2639 1044 2698 finita
1076 2657 1232 2718 esse,
1277 2645 1346 2696 ut
1376 2647 1737 2700 consecrata
1766 2640 1847 2699 sit
1877 2639 2172 2721 Cydippe.
2200 2642 2391 2722 inque
2426 2640 2706 2701 divinum

471 2741 723 2822 aliquod
780 2748 1034 2820 recepta
1101 2741 1491 2806 consortium.
1603 2760 1826 2820 nempe
1896 2743 2061 2801 enim
2124 2743 2487 2804 innumerae
2554 2763 2704 2803 sane

470 2843 828 2903 ferebantur
884 2841 1128 2901 fabulae
1185 2850 1613 2920 pervetustae,
1686 2841 1903 2923 quibus
1960 2844 2239 2904 homines
2302 2843 2707 2905 tradebantur

472 2952 617 3024 post
659 2953 914 3003 mortem
961 2963 1094 3002 cum
1125 2943 1332 3023 aliquo
1380 2942 1499 3004 deo
1548 2944 1749 3004 deave
1791 2945 1859 3003 111
1904 2946 2083 3006 unius
2128 2947 2395 3006 numinis
2428 2955 2707 3006 naturam

473 3047 772 3106 coaluisse
819 3053 922 3104 aut
967 3045 1088 3104 alio
1135 3044 1318 3104 modo
1363 3045 1443 3106 ad
1491 3045 1737 3106 divinos
1780 3047 2049 3108 honores
2097 3067 2233 3107 esse
2278 3049 2579 3126 provecti.
2646 3055 2708 3106 at

469 3148 581 3208 has
625 3168 774 3208 vero
820 3146 1228 3226 legendas,
1289 3167 1448 3227 quae
1494 3149 1736 3209 sincera
1780 3149 2123 3222 numinum,
2180 3150 2433 3223 rituum,
2481 3169 2705 3228 cogno-

471 3251 700 3310 minum
757 3248 1010 3310 deorum
1061 3249 1128 3307 vi
1171 3257 1356 3328 atque
1403 3249 1643 3328 origine
1698 3248 1943 3330 pridem
1998 3250 2349 3310 oblitterata
2406 3271 2707 3311 commen-

469 3353 649 3412 ticias
707 3351 1014 3432 quaslibet
1057 3369 1304 3410 caussas
1361 3360 1677 3432 promunt,
1735 3365 2218 3412 consentaneum
2276 3353 2557 3431 profecto
2616 3363 2709 3412 est

471 3589 610 3640 sium
646 3588 880 3639 miscell.
917 3589 1109 3655 philol.
1145 3589 1186 3639 l.
1221 3590 1304 3640 III
1341 3586 1593 3654 (Vratisl.
1635 3587 1788 3651 1861)
1826 3603 1879 3653 p.
1916 3589 1981 3638 26
2006 3602 2085 3653 sq.
2123 3613 2193 3624 —-
2238 3592 2369 3653 quot
2410 3603 2545 3638 vero
2582 3603 2707 3637 nar-

471 3675 705 3726 rationis
739 3679 1018 3725 momenta
1055 3679 1220 3740 atque
1257 3678 1581 3725 ornamenta
1605 3674 1764 3724 verbi
1789 3688 1989 3724 caussa
2015 3673 2085 3723 ab
2108 3673 2348 3724 Homero
2372 3674 2709 3738 posteriores

475 3761 652 3826 epici,
705 3760 932 3810 Nomius
979 3760 1049 3810 ab
1085 3758 1375 3825 Apollonio
1423 3758 1756 3824 sumpserint
1790 3757 2041 3825 integra,
2101 3758 2159 3807 id
2193 3759 2379 3810 notius
2414 3763 2501 3808 est
2545 3773 2707 3824 quam

476 3845 620 3909 quod
657 3845 920 3910 exemplis
956 3844 1252 3894 inlustrare
1288 3843 1472 3894 velim.
1523 3843 1769 3910 apprime
1809 3843 2015 3894 cadunt
2050 3847 2234 3893 autem
2270 3843 2329 3892 in
2364 3847 2537 3894 totam
2564 3843 2707 3892 hanc

471 3945 587 3978 rem
623 3929 870 3980 Senecae
908 3929 1079 3980 verba
1115 3944 1262 3982 suas,
1332 3929 1417 3979 111
1453 3946 1506 3995 p.
1545 3931 1608 3978 21
1634 3945 1715 3992 sq.
1752 3929 1905 3979 Burs.
1976 3929 2071 3979 hoc
2106 3928 2508 4006 autem'dicebat
2548 3929 2709 3978 Gallio

474 4016 673 4066 Nasoni
715 4031 806 4066 suo
852 4016 998 4064 valde
1051 4015 1326 4078 placuisse.
1404 4015 1577 4079 itaque
1623 4014 1815 4076 secisse
1860 4015 2017 4071 illum,
2080 4015 2218 4079 quod
2269 4014 2322 4062 in
2374 4014 2540 4062 multis
2596 4014 2711 4062 aliis

473 4099 700 4150 versibus
743 4099 796 4148 V
793 4101 962 4164 eryilii
989 4099 1220 4162 fecerat,
1269 4107 1370 4148 n'on
1402 4097 1724 4162 subripiendi
1756 4113 1937 4156 causa,
1982 4100 2079 4148 sed
2105 4099 2278 4162 palam
2314 4099 2569 4156 imitandi,
2616 4098 2709 4146 hoc

473 4185 663 4239 animo,
700 4192 762 4232 ut
798 4187 994 4234 vellet
1027 4186 1310 4248 aquo-sci.
1366 4199 1479 4232 esse
1514 4190 1678 4232 autem
1713 4184 1765 4232 in
1802 4183 2070 4247 tragoedia
2105 4184 2240 4232 eius.-

1154 4285 1304 4346 seror
1337 4285 1433 4334 huc
1467 4286 1585 4334 illuc
1618 4292 1672 4333 ut
1704 4287 1859 4348 plena
1895 4286 2009 4334 deo·

1365 4429 1394 4448 P
