2917 4992
1355 307 1780 371 *74*-

451 482 724 542 καλοῦσι·
769 471 844 541 σύ
875 477 958 555 δέ,
996 480 1214 557 Θησεῦ,
1245 475 1373 557 ἐμοὶ
1403 475 1504 538 καὶ
1540 470 1834 549 Διόνυσος
1866 477 2124 559 [γένοιο].
2180 466 2291 537 οὐκ
2320 471 2564 556 ἐβόμβει
2592 494 2705 538 σοι

451 581 521 643 τὰ
550 569 699 656 ὦτα,
743 571 837 643 ὅτε
869 604 922 643 e.
959 605 1017 664 q.
1051 604 1098 642 S.
1160 603 1302 643 nam
1332 583 1419 641 ita
1450 583 1582 641 fere
1611 583 1767 641 haec
1797 581 2090 642 videntur
2120 599 2257 640 esse
2290 582 2698 659 corrigenda.

619 687 873 746 Interim
919 685 1184 744 Acontio
1232 705 1358 743 non
1404 685 1618 744 vineta
1662 703 1858 757 curae,
1928 703 2053 742 non
2100 684 2245 761 ligo.
2293 683 2481 742 silvas
2524 684 2703 761 petit

452 797 513 848 et
555 786 872 847 arboribus
919 786 1105 845 animi
1151 786 1367 844 effatur
1413 783 1725 844 desideria
1768 805 1840 859 ac
1880 792 2206 844 tormenta.
2254 783 2482 842 etenim

364 939 424 979 xl
704 917 1076 998 κουφοτέρως
1117 911 1246 978 τότε
1288 919 1460 996 φῶτα
1504 917 1919 996 διαθλίβουσιν
1960 908 2147 992 ἆνίαι,

685 1029 690 1035 ”
786 1019 854 1082 ἐκ
896 1018 958 1082 δὲ
1001 1013 1365 1100 τριηκόντων
1406 1023 1622 1096 μοῖραν
1663 1007 1861 1096 ἆφῆκε
1904 1019 2068 1097 μίαν,

702 1114 744 1200 ἢ
786 1123 961 1199 φίλον
1004 1122 1068 1182 oc
1099 1114 1190 1182 ’ὅτ’
1240 1119 1299 1194 ἐς
1339 1113 1533 1200 ἄνδρα
1576 1119 1948 1203 συνέμπορον
1992 1111 2034 1198 ἢ
2073 1112 2173 1200 ὅγε
2217 1124 2447 1196 κωφαῖς

783 1215 964 1304 ἄλγεα
1007 1216 1356 1303 μαψαύραις
1398 1212 1594 1301 ἅσχεί
1640 1213 1719 1283 ὃν
1762 1219 1977 1305 ἐξερέῃ.

451 1417 554 1455 eos
617 1397 781 1455 enim
835 1416 1047 1456 versus
1111 1394 1378 1474 (Gallim.
1426 1395 1543 1473 frg.
1590 1392 1683 1472 67)
1749 1415 1786 1452 a
1831 1393 2099 1454 Stobaeo
2153 1393 2332 1453 floril.
2381 1392 2608 1452 CXIII
2656 1402 2699 1456 6

447 1506 795 1557 asservatos
841 1498 989 1556 satis
1035 1505 1202 1556 certa
1261 1517 1374 1574 ego
1433 1497 1787 1555 coniectura
1843 1496 1963 1554 huc
2018 1514 2275 1567 rev000‚
2339 1493 2687 1573 Cydippae

447 1599 596 1658 illud
619 1600 898 1676 fragmen
925 1607 989 1658 et
1010 1597 1240 1658 ambitu
1272 1606 1333 1657 et
1363 1596 1577 1656 indole
1610 1599 1875 1658 omnium
1893 1598 2081 1674 longe
2102 1595 2687 1655 luculentissimum.

448 1720 519 1758 ac
574 1708 758 1780 patet*
806 1721 940 1759 cum
994 1701 1194 1779 ipsum
1239 1708 1663 1777 argumentum
1705 1707 1832 1758 tum
1878 1699 2061 1758 etiam
2102 1697 2348 1756 mollem
2393 1716 2697 1756 versuum

447 1801 716 1861 colorem‘
772 1803 838 1861 in
895 1785 1286 1880 praesentem
1345 1801 1543 1859 locum
1598 1801 1924 1878 insigniter
1982 1800 2337 1859 convenire.
2428 1797 2693 1871 obicies),

449 1903 616 1982 quod
673 1922 732 1962 V.
779 1912 813 1964 2
856 1904 922 1961 in
979 1901 1232 1980 etymol.
1290 1922 1367 1959 m.
1413 1922 1476 1980 p.
1523 1910 1643 1975 290,
1690 1912 1723 1964 5
1767 1902 1862 1961 his
1918 1900 2228 1961 inducitur
2281 1898 2517 1960 verbis:
2580 1896 2696 1958 καὶ

447 1995 628 2061 πάλιν
672 2003 1042 2080 Καλλίμαχος
1085 1997 1150 2060 ἐν
1193 2003 1316 2073 τοῖς
1360 1996 1636 2080 ἐλεγείοις

937 2151 1002 2213 ἐκ
1050 2150 1114 2214 δὲ
1155 2143 1519 2232 τριηκόντων
1562 2157 1777 2231 μοῖραν
1818 2142 2025 2228 ἀφεῖλε
2069 2149 2229 2229 μίαν.

447 2317 510 2367 at
552 2308 670 2366 hac
711 2309 777 2367 in
822 2328 888 2367 re
932 2309 1099 2367 miris
1145 2306 1514 2385 imaginibus
1544 2307 1663 2366 viri
1710 2306 1873 2365 docti
1918 2315 2062 2366 sunt
2092 2307 2265 2366 elusi.
2354 2325 2497 2364 nam
2545 2327 2699 2367 cum

445 2410 768 2468 Ernestius
817 2418 878 2468 et
907 2408 1356 2469 Valckenarius
1403 2409 1639 2468 animos
1671 2408 2097 2480 induxissent,
2146 2407 2506 2467 Callimachi
2554 2410 2693 2468 ele-

447 2531 659 2587 gorum
705 2510 996 2590 quicquid
1029 2519 1382 2589 superesset
1427 2509 1505 2568 ab
1552 2511 1757 2569 aetion
1802 2518 1870 2569 ut
1915 2528 2074 2588 quae
2103 2509 2366 2568 heroicis
2397 2509 2693 2570 versibus

447 2611 794 2690 conscripta
859 2612 1124 2671 fuissent
1179 2612 1542 2689 fragmentis
1599 2611 1815 2670 sedulo
1875 2630 2012 2670 esse
2068 2611 2548 2688 seiungendum,
2622 2621 2696 2671 et

445 2713 894 2774 Valckenarius
942 2714 1127 2772 etiam
1174 2733 1334 2792 quae
1377 2714 1663 2772 invenire
1708 2720 1955 2792 poterat
2008 2715 2307 2788 eleqiarum
2357 2713 2693 2786 fraymenta

443 2823 754 2893 tamquam
797 2815 977 2874 unius
1025 2816 1295 2894 corporis
1329 2814 1586 2874 disiecta
1628 2813 1898 2873 membra
1941 2813 2005 2872 in
2040 2812 2303 2872 eundem
2333 2815 2693 2892 pravissimi

447 2914 666 2973 consili
735 2917 1020 2995 pretique
1089 2935 1216 2975 non
1283 2917 1370 2974 ita
1435 2917 1644 2994 magni
1698 2915 1918 2975 librum
1976 2915 2397 2985 confersisset,
2466 2915 2692 2974 relicui

413 3057 428 3070 .
445 3016 796 3075 Bentleium
819 3017 1010 3075 secuti
1033 3017 1481 3097 veritatemque
1505 3025 1915 3096 agnoscentes
1940 3025 2218 3095 apertam
2241 3016 2405 3076 aetia
2429 3017 2694 3096 quidem

448 3118 757 3196 elegiacos
804 3137 1088 3178 numeros
1132 3116 1421 3178 habuisse
1468 3126 1837 3192 statuerunt,
1902 3117 2014 3177 sed
2059 3137 2184 3176 non
2231 3122 2425 3176 minus
2471 3126 2691 3178 tamen

448 3239 629 3299 quam
671 3218 762 3279 illi
807 3219 1179 3299 peculiarem
1211 3220 1479 3299 aliquam
1512 3221 1846 3297 elegiarum
1878 3238 2195 3298 sumpsere
2228 3219 2691 3279 conlectionem

447 3319 523 3378 ab
570 3320 748 3378 aetiis
796 3319 1132 3394 diversam,
1205 3341 1325 3400 qua
1366 3322 1547 3400 lyrici
1603 3321 1807 3399 potius
1867 3319 2033 3400 quod
2079 3319 2291 3380 dicunt
2335 3323 2693 3398 argumenti

449 3420 682 3497 elegias
715 3421 1188 3500 comprehensas
1219 3422 1413 3482 fuisse
1444 3430 1831 3482 censuerunt.
1904 3429 1966 3479 at
1994 3422 2179 3481 miror
2212 3421 2519 3501 equidem,
2568 3422 2689 3481 ho-

447 3541 578 3580 rum
622 3522 859 3595 nemini
902 3523 969 3580 in
1017 3523 1223 3582 oculos
1269 3525 1599 3583 incurrisse
1647 3543 1781 3582 eam
1824 3524 2331 3602 repugnantiam,
2393 3522 2562 3603 quod
2614 3525 2689 3583 in

444 3621 822 3681 Bentleiana
850 3623 1330 3700 fragmentorum
1360 3624 1637 3684 editione
1670 3623 1781 3682 sub
1812 3625 1987 3684 titulo
2020 3619 2244 3701 ἐλεγεῖα
2271 3633 2415 3704 post
2443 3627 2689 3702 magni-

445 3724 589 3782 ficas
637 3723 970 3800 elegiarum
1012 3717 1341 3784 Battiadae
1384 3725 1601 3784 laudes
1658 3724 1735 3783 ab
1798 3727 2065 3807 antiquis
2124 3726 2471 3785 auctoribus
2518 3729 2690 3787 cele·

445 3824 650 3885 bratas
694 3825 850 3884 nihil
897 3828 1221 3905 quicquam
1267 3826 1346 3887 de
1375 3826 1799 3886 laudatissima
1840 3828 2017 3906 poesi
2058 3826 2127 3885 in
2170 3825 2374 3886 medio
2406 3827 2691 3906 ponitur,

446 3935 694 4004 praeter
747 3945 934 3986 unum
978 3927 1042 3986 id
1087 3927 1531 4006 fragmentum,
1595 3929 1759 4007 quod
1808 3927 2140 4008 Cydippae
2194 3927 2256 3987 id
2317 3935 2411 3988 est
2466 3930 2691 3989 aetion

444 4026 601 4085 libro
633 4046 709 4085 111
754 4027 936 4087 modo
979 4028 1448 4090 vindicavimus.
1527 4049 1663 4089 eum
1704 4049 1852 4089 vero
1896 4048 2162 4088 errorem
2202 4029 2325 4109 iam
2364 4028 2692 4090 liberrima

445 4126 602 4186 ratio
637 4147 758 4207 qua
785 4137 1031 4188 veteres
1063 4131 1375 4208 elegorum
1407 4131 1866 4210 elegiarumque
1897 4131 2153 4190 notione
2182 4138 2437 4190 utuntur
2466 4150 2691 4192 arcere

453 4225 736 4286 debebat.
839 4237 902 4286 at
954 4248 1101 4289 vero
1158 4231 1409 4310 liquidis
1470 4233 1845 4310 argumentis
1912 4230 2061 4311 quid
2127 4233 2217 4291 rei
2284 4239 2449 4291 esset
2514 4251 2698 4293 nunc
