2917 4992
1271 349 1348 360 —
1441 311 1731 376 152-

616 488 932 549 exoranda
975 486 1118 561 tibi,
1165 508 1294 546 non
1337 483 1647 565 capienda
1689 485 1798 542 fui.

530 612 668 665 cur,
714 610 812 650 me
858 610 989 649 cum
1032 596 1310 668 peteres,
1359 606 1434 646 ea
1478 606 1605 646 non
1650 584 2001 664 profitenda
2044 583 2335 664 putabas,

394 696 546 756 130³
619 700 874 772 propter
919 710 1078 771 quae
1123 689 1302 750 nobis
1348 690 1486 769 ipse
1529 686 1839 767 petendus
1886 687 2069 746 eras?

531 813 754 872 cogere
800 812 906 851 cur
947 792 1154 870 potius
1201 810 1383 871 quam
1427 789 1803 869 persuadere
1847 787 2135 861 volebaS,

615 895 668 953 si
711 901 991 972 poteram
1036 890 1249 951 audita
1293 891 1661 952 condicione
1706 889 1889 970 capi?

532 993 682 1075 quid
721 993 833 1053 tibi
877 1014 1042 1054 nunc
1085 992 1343 1073 prodest
1384 991 1631 1053 iurandi
1675 991 1933 1051 formula
1974 991 2123 1050 iuris

613 1097 950 1175 linguaque
994 1102 1392 1174 praesentem
1411 1151 1414 1156 ,
1433 1094 1761 1154 testificata
1806 1091 2029 1152 deam?

394 1207 490 1260 135
539 1193 720 1277 [quae
765 1197 952 1266 iurat,
998 1215 1174 1255 mens
1221 1203 1345 1254 est:
1405 1196 1497 1253 nil
1540 1193 1988 1254 coniuravimus
2032 1193 2160 1252 illa.

615 1297 723 1356 illa
765 1297 950 1356 fidem
997 1295 1174 1356 dictis
1207 1295 1454 1354 =addere
1502 1296 1638 1355 sola
1682 1290 1932 1377 potest]

532 1399 852 1458 consilium
895 1397 1297 1477 prudensque
1344 1397 1532 1455 animi
1577 1397 1891 1458 sententia
1934 1395 2121 1467 iurat,

619 1508 682 1559 et
725 1499 846 1558 nisi
889 1498 1101 1559 iudicii
1143 1497 1394 1556 vincula
1437 1498 1608 1557 nulla
1650 1498 1883 1557 valent.

530 1602 582 1659 si
625 1599 740 1660 tibi
786 1600 1133 1678 coniugium
1175 1599 1346 1658 volui
1387 1599 1745 1677 promittere
1788 1607 2093 1671 nostrum,

392 1696 492 1764 140
622 1703 800 1779 exige
845 1701 1106 1780 polliciti
1154 1700 1364 1760 debita
1406 1701 1541 1758 iura
1582 1700 1731 1759 tori:

487 1805 494 1807 ’
531 1802 643 1862 sed
689 1803 741 1861 si
786 1803 877 1861 nil
924 1801 1202 1861 dedimus
1246 1804 1498 1881 praeter
1542 1802 1677 1861 sine
1722 1808 1975 1880 pectore
2019 1817 2264 1872 vocem,

614 1903 807 1963 verba
849 1904 974 1963 suis
1021 1903 1246 1962 frustra
1289 1902 1522 1962 viribus
1568 1901 1717 1962 orba
1760 1910 1961 1971 tenes,

459 2068 471 2079 ,
535 2002 686 2085 [non
732 2024 847 2083 ego
893 2004 1126 2062 iuravi:
1187 2004 1312 2082 legi
1356 2004 1623 2063 iurantia
1664 2003 1876 2064 verba.

613 2107 710 2164 vir
750 2106 899 2164 mihi
943 2125 1072 2165 non
1115 2105 1236 2164 isto
1281 2124 1451 2164 more
1495 2104 1802 2183 legendus
1850 2123 2005 2163 eras,

393 2216 490 2270 145
538 2206 757 2287 decipe
803 2209 893 2267 sic
937 2206 1111 2266 alias;
1171 2205 1465 2266 succedat
1510 2206 1775 2285 epistola
1818 2226 2021 2284 pomo.

615 2309 882 2389 silvalet
924 2309 1068 2382 hoc,
1113 2327 1370 2386 magnas
1420 2307 1627 2366 divitis
1674 2307 1849 2367 aufer
1894 2325 2067 2386 opes.

531 2410 631 2468 fac
674 2409 879 2468 iurent
922 2428 1102 2487 reges
1149 2428 1262 2468 sua
1305 2428 1374 2467 se
1419 2407 1532 2466 tibi
1574 2427 1771 2487 regna.
1815 2406 2094 2480 daturos,

616 2511 818 2590 sitque
864 2521 1031 2569 tuum
1074 2517 1204 2568 toto
1255 2508 1550 2589 quicquid
1592 2509 1659 2567 in
1706 2508 1855 2569 orbe
1899 2509 2127 2589 plac-et.

529 2611 722 2670 maior
767 2630 832 2670 es
877 2612 996 2670 hac
1037 2611 1180 2690 ipsa
1221 2610 1440 2683 multo,
1488 2611 1638 2668 mihi
1682 2611 1901 2684 crede,
1945 2609 2187 2682 Diana,

396 2722 496 2772 150
623 2713 676 2770 si
720 2721 826 2771 tua.
868 2720 994 2770 tam
1037 2731 1338 2790 praesens
1383 2713 1592 2771 littera
1636 2731 1865 2770 numen
1908 2705 2141 2788 habet]

531 2832 664 2873 cum
706 2821 915 2873 tamen
958 2813 1115 2872 haec
1161 2813 1322 2886 dixi,
1371 2833 1508 2872 cum
1550 2832 1647 2872 me
1692 2811 1805 2872 tibi
1846 2812 2018 2872 firma
2063 2811 2323 2889 negavi,

615 2934 752 2973 cum
794 2914 958 2974 bene
1003 2915 1285 2993 promissi
1331 2933 1515 2974 causa
1558 2922 1811 2993 peracta
1853 2913 2063 2986 meist,

533 3015 857 3089 confiteor,
904 3016 1091 3075 timeo
1137 3034 1366 3075 saevae
1409 3015 1709 3076 Latoidos
1754 3016 1909 3074 iram

618 3124 682 3174 et
725 3135 944 3196 corpus
990 3116 1157 3177 laedi
1201 3105 1479 3196 suspicor
1520 3116 1671 3176 inde
1715 3137 1937 3177 meum.

392 3227 489 3280 155
534 3237 677 3276 nam
723 3237 946 3297 quare,
996 3220 1284 3299 quotiens
1331 3218 1583 3278 socialia
1626 3238 1802 3278 sacra
1844 3225 2172 3297 parantur,

615 3327 922 3398 nupturae
965 3320 1194 3380 totiens
1239 3318 1541 3398 languida
1583 3318 1855 3379 membra
1900 3318 2173 3378 cadunt?

523 3585 573 3620 v.
615 3571 711 3620 129
763 3585 872 3620 cum
914 3587 990 3621 me
1032 3571 1122 3622 P3
1145 3587 1205 3634 v,
1256 3587 1404 3638 quom
1439 3579 1489 3621 te
1524 3586 1567 3621 r.
1630 3573 1954 3636 proficienda
1988 3571 2319 3634 r‚·putabar
2361 3570 2452 3621 P3
2476 3586 2529 3621 v.
2570 3595 2638 3606 —-

387 3671 438 3706 v.
482 3657 576 3705 131
625 3670 756 3719 quor
797 3656 969 3720 potius
1013 3671 1055 3703 r.
1107 3681 1170 3690 —
1229 3671 1284 3708 v,
1323 3656 1419 3706 132
1466 3656 1754 3706 conditione
1796 3654 1844 3704 L
1881 3670 1911 3704 r
1943 3669 1997 3704 v.
2044 3681 2102 3689 —
2169 3669 2222 3705 v.
2263 3655 2361 3704 135
2396 3669 2477 3718 sq.
2528 3655 2639 3704 cir-

388 3738 730 3804 cumscripsi.
804 3740 878 3788 nil
910 3755 1003 3789 nos
1038 3739 1309 3790 iuravimus
1343 3737 1649 3789 Bentleius.
1698 3764 1766 3774 —
1808 3755 1862 3790 v.
1900 3740 1999 3790 136
2044 3739 2239 3803 addere
2274 3738 2429 3788 verba
2464 3755 2519 3788 v.
2568 3766 2637 3776 -

385 3841 436 3875 v.
465 3825 560 3874 139
584 3823 720 3873 baluz·
740 3839 783 3873 r.
811 3850 869 3857 —
911 3838 964 3873 v.
993 3821 1261 3874 143-150
1287 3823 1715 3889 circumscripsi.
1742 3850 1807 3860 —
1830 3838 1883 3873 v.
1913 3824 2011 3872 144
2034 3825 2138 3872 eris
2159 3822 2204 3871 P
2220 3825 2251 3873 3
2275 3839 2329 3884 V,
2367 3838 2489 3873 eras
2512 3823 2559 3872 L
2589 3839 2638 3877 r.

385 3907 490 3958 hoc
517 3923 565 3960 ν.
591 3906 858 3957 deficiunt
878 3907 969 3958 P3
993 3923 1037 3958 r.
1063 3935 1126 3943 —
1151 3923 1205 3958 v.
1233 3908 1330 3958 145
1353 3911 1485 3958 alios
1508 3909 1555 3958 L
1579 3925 1631 3958 v.
1660 3934 1723 3944 -—
1748 3924 1800 3958 v.
1831 3908 1929 3958 146
1952 3909 2000 3956 si
2021 3909 2154 3958 valet
2176 3907 2257 3957 hic
2280 3923 2333 3958 v.
2361 3931 2425 3941 -
2448 3923 2503 3958 v.
2532 3909 2637 3961 148

387 3991 624 4042 fortasse
642 3995 818 4058 fitque.
845 4018 911 4027 —
946 4007 998 4042 v,
1028 3993 1123 4042 149
1149 4007 1265 4058 sqq.
1303 3995 1478 4057 maj0r
1512 4000 1591 4044 est
1623 3993 1749 4042 haec
1784 3993 1901 4042 dixi
1933 4008 2042 4042 cum
2062 4007 2139 4042 me
2164 3992 2255 4042 tibi
2274 3995 2425 4055 firma
2450 3995 2649 4058 negavi.

385 4076 435 4124 si
468 4083 554 4125 tua
591 4083 690 4126 tam
728 4091 983 4140 praesens
1018 4077 1192 4127 littera
1227 4092 1404 4127 numen
1449 4076 1601 4126 habet
1642 4093 1749 4126 cum
1784 4084 1950 4147 tamen
1984 4077 2111 4126 haec
2145 4077 2262 4126 dixi
2296 4091 2345 4125 e.
2385 4091 2437 4140 q.
2475 4091 2521 4126 s.
2558 4077 2632 4140 L,

385 4159 556 4220 major
589 4175 644 4232 es
679 4175 742 4210 ac
777 4163 894 4224 ipsa
927 4163 1124 4210 multum
1160 4178 1212 4211 v.
1283 4161 1377 4212 hoc
1412 4163 1531 4226 ipsa
1564 4161 1837 4212 Francius
1875 4164 1931 4210 et
1964 4159 2271 4211 BentleiuS.
2320 4185 2389 4195 ——
2432 4175 2486 4211 v.
2528 4161 2631 4212 153

403 4256 559 4292 caeve
594 4257 646 4293 v.
684 4267 751 4278 -
787 4258 838 4294 v.
879 4245 977 4294 155
1009 4259 1166 4294 sacra
1193 4261 1298 4310 per
1331 4252 1487 4295 antra
1520 4260 1572 4296 v.
