2917 4992
1419 347 1843 412 ...34-

513 545 662 584 vero
707 523 778 582 id
821 522 1136 584 substituit
1177 522 1313 596 ille,
1375 521 1544 602 quod
1601 521 1905 581 consimili
1960 539 2129 579 nexu
2187 520 2354 600 apud
2410 519 2775 580 fabularum

511 627 844 706 scriptores
902 625 1110 685 dicere
1169 633 1446 684 amantes
1504 624 1797 684 memoria
1849 622 2131 682 referret.
2190 621 2466 682 Achilles
2510 623 2655 682 Tat.
2700 623 2777 682 V

512 737 612 803 25,
679 737 714 789 2
771 707 818 786 ὦ
875 716 1159 804 δυστυχὴς
1203 722 1344 805 ἐγώ,
1404 725 1768 804 Xenophon
1824 725 1987 804 Eph.
2039 726 2098 786 V
2152 735 2246 800 10,
2320 732 2356 786 8
2420 706 2470 782 ὦ
2534 715 2773 796 πάντα,

515 825 738 906 ἔλεγεν,
785 817 902 907 ἐγώ
950 820 1273 906 δυστυχής,
1317 829 1352 888 Ι
1379 836 1432 904 4,
1485 837 1514 890 1
1557 826 1618 885 τί
1657 822 1937 885 πέπονθα
1980 815 2013 883 ὁ
2061 817 2367 903 δυστυχής,
2413 826 2492 885 cf.
2522 824 2557 884 I
2599 833 2657 899 4,
2706 833 2770 898 6,

512 930 768 991 Heliod.
815 931 885 991 Π
931 937 979 990 1.
1856 1009 1895 1042 ·

680 1049 798 1110 His
828 1050 1014 1127 igitur
1041 1049 1370 1131 perpensis
1418 1068 1491 1108 eo
1524 1046 1814 1122 adducor,
1860 1056 1929 1107 ut
1971 1055 2140 1106 recte
2172 1046 2401 1106 habere
2431 1047 2549 1124 frg.
2590 1043 2772 1106 illud

513 1150 790 1225 arbitrer,
841 1152 1024 1232 quale
1069 1172 1106 1210 a
1151 1151 1481 1211 scholiasta
1510 1147 1855 1229 praebitum
1898 1169 2087 1228 supra
2116 1150 2354 1229 scripsi.
2420 1167 2536 1208 nec
2562 1148 2775 1208 ullam

511 1252 697 1312 video
758 1273 1066 1327 caussam,
1128 1274 1233 1313 cur
1288 1252 1640 1311 Bentleium
1697 1259 2031 1331 sequentes
2075 1250 2533 1330 Bergkiumque
2578 1250 2769 1308 anth.

512 1355 630 1434 lyr.
673 1375 736 1434 p.
771 1363 874 1417 126
918 1355 1194 1432 legamus
1240 1355 1476 1430 φορεῖτε
1520 1372 1632 1431 pro
1680 1373 1754 1412 eo
1802 1351 1969 1432 quod
2003 1351 2315 1432 proditum
2359 1360 2452 1412 est
2494 1347 2770 1428 φέροιτε.

680 1473 894 1550 Pergit
935 1472 1272 1532 Acontius:
1320 1468 1627 1545 Κυδίππη,
1672 1462 1862 1544 καλήν
1906 1486 1969 1528 σε
2014 1466 2114 1528 καὶ
2161 1461 2409 1548 εὔορκον
2452 1468 2773 1546 προσείπω

511 1567 680 1650 ταχύ,
729 1594 912 1654 quam
958 1574 1211 1633 dicendi
1254 1575 1511 1652 figuram
1539 1574 1750 1632 rhetor
1777 1573 1923 1632 hinc
1967 1572 2213 1631 videtur
2255 1573 2644 1632 transtulisse
2689 1572 2773 1630 in

509 1676 580 1734 Π
621 1683 655 1736 2
699 1696 762 1755 p.
810 1686 941 1739 134:
1004 1665 1135 1734 ἄλλ’
1195 1673 1328 1734 εἴθε
1373 1668 1517 1750 μετὰ
1571 1674 1676 1747 τῆς
1729 1661 2082 1751 εὐπρεπείας
2122 1669 2504 1750 ἐπαινέσομαί
2540 1689 2603 1731 σε
2649 1672 2774 1748 τῆς

509 1772 647 1850 περὶ
681 1772 781 1853 ἐμὲ
810 1775 1176 1853 προθυμίας.
1237 1797 1312 1836 ea
1344 1777 1510 1835 enim
1539 1777 1853 1835 sententia
1885 1773 2292 1838 Callimachus
2321 1776 2773 1835 transitionem

511 1879 660 1938 fecit
706 1877 787 1936 ad
842 1879 1091 1937 timores
1134 1877 1390 1951 Aconti,
1457 1897 1611 1958 quos
1666 1878 1766 1937 hic
1821 1878 1943 1935 iam
2001 1878 2347 1937 elocuturus
2405 1885 2515 1936 est.
2606 1896 2773 1937 nam

511 1987 679 2039 metu
722 1980 984 2058 angitur,
1033 1999 1115 2036 ne
1159 1980 1395 2053 Diana,
1446 1999 1569 2059 qua
1612 1980 1678 2036 in
1724 1978 2046 2058 puniendo
2096 1998 2233 2038 esse
2278 1980 2476 2038 soleat
2519 1979 2769 2037 severi-

509 2088 668 2154 tate,
740 2079 1095 2160 Cydippam
1149 2081 1418 2158 graviter
1474 2081 1675 2153 ultura
1728 2081 1835 2155 sit,
1906 2079 2158 2160 quando
2216 2081 2463 2160 periura
2516 2081 2629 2138 illa
2674 2082 2772 2142 sit

509 2181 733 2240 futura.
834 2180 951 2241 sibi
1002 2182 1141 2261 ipse
1193 2181 1438 2240 'crimini
1497 2183 1633 2256 dat,
1705 2181 1870 2261 quod
1932 2191 2143 2240 auctor
2197 2182 2422 2260 virgini
2478 2183 2773 2241 extiterit

509 2282 934 2356 iurisiurandi,
989 2291 1059 2342 ut
1110 2283 1177 2342 in
1233 2303 1303 2342 se
1357 2292 1633 2342 vertatur
1687 2284 1851 2343 illius
1899 2284 2065 2364 quod
2122 2303 2441 2343 evasurum
2485 2284 2770 2344 fortasse

510 2384 592 2442 sit
635 2382 868 2462 periuri
908 2403 1115 2463 poena
1157 2403 1376 2464 preces
1422 2384 1590 2444 fac-it.
1680 2383 1942 2445 Ovidius
1991 2404 2090 2464 ep.
2136 2386 2267 2444 XX
2313 2392 2411 2447 127
2457 2405 2553 2464 sq.

856 2523 916 2576 in
959 2528 1131 2593 caput
1171 2541 1206 2576 α
1251 2529 1498 2579 nostrum
1542 2524 1795 2578 dominae
1829 2525 2087 2595 periuria
2122 2538 2325 2595 quaeso

961 2626 1246 2681 eveniant!
1278 2639 1468 2697 poena
1514 2628 1643 2680 tuta
1686 2628 1760 2680 sit
1802 2627 1896 2679 illa
1942 2632 2097 2680 mea!

514 2782 575 2832 et
603 2772 768 2832 hunc
799 2774 1048 2853 quidem
1077 2775 1278 2834 locum
1306 2794 1511 2833 rursus
1558 2775 1814 2834 frustulo
1854 2775 2075 2853 exiguo
2111 2773 2565 2835 Callimacheae
2598 2777 2763 2836 artis

512 2874 658 2932 licet
702 2893 943 2934 ornare.
1033 2876 1163 2934 eius
1211 2877 1376 2934 enim
1418 2875 1536 2954 frg.
1580 2886 1684 2939 229

383 3019 482 3062 xm
815 3011 974 3087 λῖρος
1019 3001 1151 3086 ἐγώ,
1194 3007 1252 3067 τί
1295 3007 1355 3068 δέ
1398 3025 1492 3069 σοι
1536 3000 1695 3069 τόνδ’
1746 3007 2013 3087 ἐπέθηκα
2056 3007 2248 3091 φόβον

508 3161 841 3222 Piersonus
886 3162 1153 3222 verisim.
1201 3183 1262 3242 p.
1298 3173 1401 3225 100
1444 3174 1611 3224 recte
1657 3167 1975 3224 revocavit
2022 3166 2104 3226 ad
2132 3167 2515 3227 Aristaeneti
2548 3167 2763 3228 haece

508 3262 728 3324 verba:
796 3247 842 3322 ὦ
887 3256 1178 3340 δυστυχὴς
1244 3256 1389 3342 ἐγώ,
1441 3264 1516 3324 -τί
1555 3262 1620 3324 δέ
1681 3281 1774 3324 σοι
1834 3267 2046 3326 τοῦτον
2101 3263 2326 3346 ἐπῆγον
2384 3258 2487 3326 τὸν
2530 3261 2763 3344 φόβον.

512 3366 605 3458 cf.·
655 3364 1137 3425 Valckenarium
1192 3366 1233 3425 l.
1293 3387 1344 3425 c.
1411 3388 1475 3447 p.
1540 3377 1645 3430 228
1688 3390 1780 3449 sq.
1882 3377 2069 3450 atque
2136 3370 2563 3449 comprobatur
2630 3372 2765 3432 hoc

513 3465 818 3545 exemp10‚
869 3486 1050 3545 quam
1093 3468 1453 3545 ingeniosus
1498 3471 1633 3529 veri
1678 3491 1895 3530 sensus
1939 3472 2004 3529 in
2050 3472 2336 3532 Bentleio
2384 3473 2587 3546 fuerit,
2640 3476 2765 3553 qui

511 3567 788 3646 quamvis
832 3568 1230 3647 paraphrasis
1275 3579 1487 3630 nostra
1543 3591 1680 3630 eum
1723 3573 1969 3633 latuerit
2021 3573 2248 3633 reiecta
2294 3573 2553 3634 Salmasi
2598 3593 2763 3635 con-

507 3669 744 3727 iectura
800 3688 874 3728 ea
935 3689 1096 3748 quae
1151 3690 1337 3750 supra
1389 3673 1677 3750 leguntur
1738 3674 1946 3733 elicuit
2000 3695 2034 3734 e
2092 3684 2379 3754 corrupta
2442 3677 2765 3755 scriptura

507 3770 787 3849 Hesychi
831 3791 881 3830 s.
913 3791 973 3832 v.
1023 3764 1375 3850 λειριόενταε
1433 3775 1596 3851 λῐρος
1627 3764 1742 3854 ἐγὼ
1770 3773 1921 3845 τίδες
1952 3763 2093 3834 ὅταν
2132 3773 2197 3835 δὲ
2227 3772 2495 3854 ἐπέθηκα
2526 3769 2759 3855 φόβον.

507 3881 572 3932 at
601 3883 824 3952 poetae
854 3873 1048 3934 verba
1077 3894 1116 3932 a
1135 3875 1424 3936 Bentleio
1457 3876 1734 3936 nondum
1754 3886 2088 3957 persanata
2115 3878 2345 3940 iudicat
2366 3880 2759 3957 Meinekius,

509 3975 616 4053 qui
646 3984 706 4034 et
735 3975 880 4036 olim
907 3976 1142 4036 Ztschr.
1174 3978 1218 4036 f.
1249 3976 1328 4037 A.
1362 3985 1499 4041 1849
1528 3999 1590 4058 p.
1622 3987 1729 4042 416
1760 3988 1822 4039 et
1853 3999 2060 4066 nuper·
2084 3980 2263 4040 diatr.
2296 3981 2376 4042 ad
2403 3979 2647 4042 Gallim.
2680 3985 2762 4044 in

505 4075 652 4134 Del.
681 4085 751 4138 54
779 4077 960 4136 scribi
989 4077 1160 4138 iubet
1188 4067 1351 4136 τόνδ’
1387 4074 1655 4141 ἐπέσεισα
1685 4070 1895 4158 φόβον.
1953 4091 2015 4141 et
2047 4082 2215 4164 quod
2248 4083 2498 4164 quidem
2530 4093 2763 4146 contra

506 4175 816 4254 proditam
857 4180 1222 4259 scripturam
1252 4179 1403 4240 dicit
1432 4176 1736 4245 ἐπιθεῖναι
1782 4173 1977 4260 φόβον
2016 4202 2221 4259 yraece
2262 4204 2373 4243 non
2416 4191 2595 4260 mayis
2638 4190 2769 4246 dici

495 4280 684 4352 potuit
711 4297 876 4367 qua-m
907 4283 1082 4338 latine
1112 4284 1428 4356 ‘imponere’
1451 4288 1697 4343 timorem
1716 4305 1830 4359 pro
1864 4287 2169 4361 ‘incutere‘,
2202 4285 2268 4346 id
2296 4287 2497 4348 minus
2528 4306 2761 4349 verum
