2917 4992
1063 337 1527 401 -111—

191 512 272 570 ita
310 511 549 571 versari
593 511 660 570 in
705 512 1054 592 proposito,
1110 519 1180 571 ut
1221 511 1434 592 aliqua
1477 519 1643 571 certe
1690 511 2031 590 explicetur
2073 514 2260 587 ratio,
2319 533 2422 573 cur

197 633 454 692 persona
509 613 590 672 de
648 632 772 692 qua
825 614 1028 692 agitur
1094 612 1323 674 divinis
1387 612 1725 674 honoribus
1788 613 1981 692 digna
2044 615 2125 674 sit
2186 614 2418 674 habita.

196 715 394 794 itaque
451 723 781 775 narrantur
836 715 985 775 illae
1042 715 1146 774 vel
1203 714 1282 775 de
1339 714 1689 776 hominibus
1744 716 2075 794 insigniter
2125 716 2421 776 meruisse

196 823 540 896 utcumque,
587 817 690 877 vel
734 817 1042 876 consortio
1088 817 1312 876 fruitae
1361 837 1499 877 esse
1545 817 1815 892 deorum,
1864 836 2017 897 quos
2060 817 2421 898 plerumque

199 925 290 977 aut
329 917 983 997 hospites'habuerint
1027 927 1134 978 aut
1187 919 1481 991 amasios,
1539 919 1645 978 vel
1704 918 1976 999 denique
2036 920 2313 979 violento
2360 927 2425 979 et
2468 913 2491 923 ”

198 1027 574 1100 praematuro
613 1018 786 1080 obitu
829 1021 1142 1080 extinctae
1187 1039 1345 1081 esse.
1448 1040 1523 1079 ac
1591 1021 1758 1080 tertii
1829 1022 2007 1080 huius
2081 1021 2425 1080 fabularum

198 1123 451 1199 generiS,
496 1141 617 1202 quo
649 1123 868 1182 mortui
895 1131 1207 1202 tamquam
1235 1124 1303 1182 in
1335 1123 1902 1200 compensationem
1926 1130 1989 1181 et
2010 1122 2421 1203 placationem

201 1225 534 1283 consecrati
565 1243 703 1284 esse
735 1224 1150 1298 crederentur,
1199 1225 1536 1304 antiquitas
1567 1225 1754 1302 longe
1795 1224 2173 1284 feracissima
2214 1224 2347 1283 fuit.
2365 1220 2414 1300 ¹)

197 1325 305 1383 iam
347 1344 500 1384 vero
545 1327 613 1384 in
658 1333 874 1405 aperto
922 1335 1032 1400 est,
1080 1325 1294 1386 horum
1326 1327 1595 1386 omnium
1640 1327 1796 1385 nihil
1828 1327 2149 1406 quicquam
2194 1324 2417 1384 cadere

195 1426 254 1484 in
285 1425 666 1507 Cydippam.
739 1446 899 1508 quae
944 1429 997 1486 si
1041 1447 1328 1507 umquam
1373 1427 1790 1488 Callimachea
1832 1427 2042 1488 fabula
2084 1427 2421 1507 praemissa

194 1536 438 1587 narrata
486 1537 652 1588 esset
693 1536 835 1608 post
877 1529 1066 1588 vitam
1111 1529 1377 1590 feliciter
1421 1549 1495 1588 ac
1538 1529 1872 1609 tranquille
1916 1537 2229 1608 peractam
2256 1529 2421 1586 inter

198 1627 338 1688 deas
383 1629 754 1690 heroinasve
798 1631 996 1690 relata
1039 1649 1208 1706 esse,
1266 1631 1370 1690 vel
1411 1639 1483 1690 ut
1528 1651 1662 1690 cum
1692 1627 1933 1690 'Ovidio
1978 1630 2199 1710 loquar
2242 1625 2417 1711 (met.

194 1729 308 1790 XV
353 1729 486 1808 545)
532 1734 600 1790 de
643 1734 729 1790 dis
771 1735 1072 1790 minoribus
1125 1751 1242 1790 una
1295 1738 1519 1791 numine
1560 1736 1663 1791 sub
1708 1735 1960 1790 dominae
2014 1736 2195 1789 latere
2249 1739 2422 1806 atque

194 1837 472 1890 accenseri
521 1836 625 1904 illi,
697 1841 973 1894 veterum
1029 1833 1230 1914 quivis
1287 1834 1569 1894 inaudito
1628 1843 1693 1894 et
1749 1841 2133 1893 monstruoso
2190 1841 2421 1893 eventu

193 1933 402 1992 merito
447 1933 884 2014 obstupuisset.
970 1936 1122 1995 talia
1178 1936 1389 2014 igitur,
1456 1955 1616 2016 quae
1672 1936 1929 2015 antiqua
1970 1935 2261 1994 memoria
2303 1953 2423 1993 nec

193 2036 422 2093 narrari
487 2037 803 2116 potuerint
866 2057 986 2098 nec
1051 2039 1396 2118 procreari,
1462 2058 1547 2097 ne
1604 2037 2011 2097 coniectando
2068 2037 2423 2117 antiquitati

195 2135 554 2214 affingamus
597 2157 828 2199 summo
877 2159 1066 2219 opere
1111 2139 1549 2200 abstinendum
1594 2147 1707 2199 est.

354 2239 458 2299 Ita
523 2260 658 2299 cum
717 2239 1046 2300 divinitate
1105 2240 1460 2321 Cydippam
1519 2242 1862 2301 exuerimus
1880 2285 1895 2316 ,
1964 2240 2189 2300 corruit
2248 2241 2421 2299 Butt-

194 2341 398 2400 manni
442 2342 852 2402 ratiocinatio.
913 2362 1122 2423 neque
1165 2344 1348 2403 ullius
1393 2345 1518 2402 iam
1562 2343 1679 2402 erit
1718 2343 2014 2403 momenti
2044 2341 2421 2402 Rhodiensis

196 2462 372 2522 quam
427 2443 536 2502 ille
597 2442 875 2503 adhibuit
943 2443 1256 2524 Cydippe.
1363 2446 1614 2505 omnino
1682 2445 2247 2526 frequentissimum
2304 2445 2423 2503 hoc

194 2565 436 2604 nomen.
525 2554 892 2604 memoratur
937 2545 1233 2626 Cydippe
1285 2547 1509 2606 Nereis
1554 2548 1743 2625 Verg.
1791 2547 2018 2624 Georg.
2066 2547 2161 2606 IV
2204 2552 2309 2608 339
2362 2553 2425 2603 et

194 2646 356 2725 Hyg.
389 2645 515 2705 fab.
548 2667 842 2726 prooem„
892 2646 1188 2727 Cydippe.
1229 2647 1525 2710 sacerdos
1558 2647 1806 2708 Cleobis
1853 2655 1916 2706 et
1944 2648 2185 2706 Bitonis
2228 2655 2425 2705 mater

197 2749 360 2806 anth.
408 2747 544 2807 Pal.
579 2748 682 2809 III
727 2757 810 2823 18,
857 2749 1149 2809 Philostr.
1195 2750 1323 2808 her.
1371 2750 1501 2809 VII
1546 2757 1666 2822 165,
1714 2750 1835 2808 Dio
1872 2747 2189 2826 chrysost.
2236 2756 2321 2821 64,
2370 2756 2420 2821 6,

195 2849 355 2929 Hyg.
389 2849 516 2909 fab.
549 2858 653 2912 254
697 2859 759 2910 et
803 2850 968 2926 alibi,
1018 2849 1312 2930 Cydippa
1341 2850 1639 2910 Anaxilai
1682 2871 1836 2912 uxor
1864 2848 2102 2910 Herod.
2133 2849 2261 2909 VII
2304 2858 2422 2923 165,

467 3011 597 3018 *-

323 3101 367 3168 1)
415 3103 664 3154 Priorum
711 3117 973 3167 generum
1021 3102 1280 3153 inlustria
1324 3107 1583 3168 prostant
1628 3102 1895 3169 exempla.
1967 3101 2107 3152 illud
2154 3102 2294 3166 quod
2332 3119 2422 3152 ex-

200 3190 426 3236 tremum
474 3189 633 3254 posui
678 3187 792 3238 levi
837 3188 1066 3238 brachio
1105 3188 1294 3254 attigit
1328 3187 1807 3254 Naegelsbachius
1842 3186 2195 3236 nachhomer.
2234 3186 2427 3237 Theol.

198 3287 243 3335 p.
282 3273 408 3335 106,
457 3273 552 3338 qni
597 3277 784 3323 tamen
827 3272 989 3323 huius
1035 3273 1119 3322 rei
1155 3273 1420 3323 ambitum
1457 3276 1515 3322 et
1549 3276 1801 3321 naturam
1835 3287 1943 3321 non
1980 3273 2117 3322 satis
2151 3271 2424 3336 pernovit.

198 3361 416 3418 praeter
458 3362 597 3407 nota
640 3357 896 3422 exempla
931 3359 989 3407 in
1027 3358 1224 3422 quibus
1261 3363 1386 3408 sunt
1420 3358 1521 3408 Ino
1560 3363 1615 3408 et
1649 3355 1945 3406 Melicerta
1988 3356 2334 3420 (Leucothea
2371 3361 2429 3406 et

200 3439 546 3504 Palaemon),
585 3441 896 3508 Dictynna,
943 3442 1266 3509 Iphigenia,
1309 3441 1665 3508 Hippolytae,
1702 3441 1953 3492 Macaria
1977 3441 2295 3506 Euripidea,
2332 3457 2428 3492 no-

201 3524 341 3575 mino
377 3525 658 3590 Aglauron
693 3528 862 3578 Paus.
899 3528 926 3577 Ι
964 3527 1056 3592 18,
1097 3528 1158 3590 2,
1195 3527 1484 3593 Iphinoam
1520 3526 1654 3580 ibid.
1689 3527 1716 3576 Ι
1750 3528 1845 3592 43,
1882 3528 1945 3590 4,
1982 3526 2255 3577 Helenam
2292 3527 2429 3579 ibid.

201 3607 278 3657 ΙΙΙ
316 3611 409 3673 19,
448 3612 540 3671 10,
586 3611 769 3662 Vlixis
817 3612 1080 3677 remigem
1117 3611 1249 3663 ibid.
1285 3612 1363 3661 VI
1398 3613 1458 3674 6,
1497 3613 1558 3674 8,
1605 3611 1918 3662 Rhadinam
1952 3610 2086 3662 ibid.
2126 3612 2232 3661 VII
2269 3613 2325 3674 5,
2368 3613 2431 3662 13

203 3692 313 3754 (cll.
349 3695 705 3746 Welckerum
739 3695 816 3747 kl.
853 3695 1006 3748 Schr.
1042 3697 1072 3746 1
1105 3712 1159 3762 p.
1199 3696 1348 3760 188),
1393 3697 1637 3747 Dianam
1670 3686 2083 3762 ἄπαγχομένην
2126 3696 2260 3748 ibid.
2298 3695 2432 3747 VIII

202 3777 280 3842 23,
307 3780 360 3841 ’1,
392 3779 626 3846 Aspalin
651 3780 853 3832 Anton.
892 3780 1018 3834 Lib.
1046 3782 1110 3832 13
1137 3780 1252 3844 (cll.
1280 3781 1693 3831 Boetticherum
1728 3780 1962 3834 Baumk.
1988 3797 2040 3846 p.
2064 3782 2131 3830 83
2156 3781 2275 3846 ΒΨ),
2312 3781 2429 3830 Me·

203 3861 438 3913 tiocham
473 3880 597 3916 cum
629 3866 896 3932 Menippa
930 3865 1068 3917 ibid.
1104 3867 1196 3928 25,
1233 3865 1434 3930 Byblin
1471 3865 1603 3916 ibid.
1641 3867 1708 3916 30
1744 3863 1859 3928 (cll.
1894 3865 2154 3916 Parthen.
2194 3867 2289 3931 11,
2327 3864 2430 3915 Co-

204 3963 324 3999 non.
363 3951 414 4013 2,
451 3949 552 4001 Ov.
590 3956 719 4002 met.
757 3951 836 4001 IX
871 3949 1194 4014 450-665),
1241 3949 1446 4014 Hylam
1482 3950 1614 4003 ibid.
1652 3951 1733 4012 26,
1772 3950 2031 4000 Hecaten
2064 3949 2322 4001 Eustath.
2361 3949 2433 4000 ad

206 4031 300 4083 Od.
329 4050 380 4099 p.
403 4034 506 4084 478
542 4033 785 4098 (Gallim.
821 4035 966 4102 frgg.
1001 4051 1054 4101 p.
1080 4036 1183 4085 474
1203 4034 1382 4100 Ern.),
1421 4036 1659 4100 denique
1693 4034 1873 4099 ipsam
1911 4033 2230 4097 Ctesyllam.
2258 4035 2431 4087 schol.

205 4116 263 4167 Il.
311 4119 358 4167 A
403 4119 468 4170 38
523 4117 730 4170 Cillaei
773 4119 1044 4185 Apollinis
1095 4135 1314 4171 sacrum
1380 4124 1685 4170 extructum
1743 4134 1865 4169 esse
1921 4123 2179 4170 narratur
2223 4113 2324 4172 διὰ
2368 4113 2433 4173 τὸ

207 4196 514 4266 αἰφνιδίως
550 4197 652 4254 τὸν
685 4201 898 4256 Κίλλαν
933 4195 1280 4257 ἀποθανεῖν.
1355 4209 1414 4255 at
1448 4205 1554 4255 hoc
1591 4206 1649 4255 in
1686 4219 1888 4269 genere
1932 4205 2432 4258 transformationi—

205 4285 300 4336 bus
337 4293 456 4338 arte
497 4293 732 4354 cognato
767 4288 930 4356 larga
966 4290 1246 4356 amplioris
1283 4290 1681 4355 disputationis
1717 4290 1978 4340 materies
2013 4295 2216 4355 parata
2254 4297 2355 4343 est.
