2917 4992
1314 417 1396 428 «-
1490 377 1781 446 122-

438 555 822 630 adventicia‚
893 575 1052 638 quae
1114 556 1279 616 filum
1344 553 1529 614 modo
1598 563 1823 636 poetae
1886 554 2269 635 praebuerit,
2340 575 2459 635 quo
2526 575 2669 615 usus

437 665 650 738 posset
693 673 787 716 res
828 661 1231 716 diversissimas
1272 663 1328 715 in
1369 662 1609 731 speciem
1651 663 1815 716 unius
1855 663 2115 738 corporis
2152 661 2405 733 colliyere
2419 703 2433 728 ,
2477 666 2546 719 ut
2588 656 2671 717 de

440 758 668 820 ovidio
714 758 1290 838 metamorphoseon
1337 767 1584 819 auctore
1632 760 1718 818 ait
1762 758 2203 837 Quintilianus.

609 860 807 940 Quam
852 861 1018 919 enim
1062 862 1448 920 lustravimus
1496 859 1766 921 fabulam
1809 860 1968 924 nihil
2009 859 2297 939 prohibet
2351 863 2673 941 quominus

440 961 708 1021 dicamus
755 963 1349 1036 Romanensem,
1409 964 1557 1022 licet
1609 962 2061 1041 simplicissima
2116 963 2283 1021 illam
2340 981 2411 1022 ac
2467 983 2675 1042 paene

439 1064 577 1124 rudi
624 1064 819 1124 forma
877 1061 1267 1142 descriptam.
1359 1065 1593 1144 quippe
1651 1065 1995 1142 argumenti
2055 1084 2287 1124 summa
2344 1066 2501 1123 haec
2560 1074 2672 1138 est,

436 1173 503 1224 ut
547 1166 777 1225 amanti
821 1166 1108 1242 iungatur
1153 1175 1371 1239 amata,
1421 1167 1728 1246 superatis
1771 1185 1930 1245 quae
1963 1164 2385 1226 obiciebantur
2412 1166 2675 1245 impedi-

342 1257 347 1262 *
438 1269 681 1326 mentis.
746 1276 808 1326 et
839 1266 1160 1326 consilium
1189 1267 1304 1326 hoc
1340 1276 1432 1326 est
1478 1268 1868 1340 narrationis,
1914 1287 2143 1326 numen
2190 1269 2418 1328 amanti
2450 1267 2676 1327 adesse

439 1377 718 1450 paratum
775 1387 846 1428 ac
899 1368 1344 1447 praevalidum.
1450 1389 1571 1428 nec
1631 1369 1829 1429 defuit
1883 1388 2174 1428 sensuum
2238 1377 2299 1429 et
2352 1370 2677 1429 affectuum

439 1471 603 1530 inter
644 1489 818 1548 spem
847 1477 1196 1549 metumque
1241 1470 1659 1530 fluctuantium
1688 1471 1879 1530 fusior
1922 1490 1994 1540 ac
2036 1470 2289 1532 solutior
2319 1471 2673 1550 explicatio.

438 1570 631 1632 habes
678 1572 743 1630 ni
787 1570 988 1645 fallor,
1033 1572 1100 1630 in
1146 1571 1364 1651 quibus
1411 1573 1767 1651 conspirent
1808 1571 1995 1632 Helio
2003 1572 2135 1632 dori
2180 1574 2313 1634 Lon
2321 1573 2383 1650 gi
2412 1571 2677 1632 Achillis

440 1672 586 1732 Tati
633 1671 984 1733 Charitonis
1029 1673 1480 1753 Xenophontis
1528 1675 1861 1734 amatoriae
1907 1673 2159 1734 fabulae
2214 1673 2491 1754 pedestri
2548 1694 2677 1735 ser-

439 1777 622 1834 mone
668 1774 1072 1853 conscriptae.
1138 1775 1308 1854 ›apud
1344 1775 1783 1836 Callimachum
1827 1795 2126 1855 praesens
2172 1776 2365 1854 pollet
2396 1775 2679 1835 divorum

439 1877 533 1935 vis
580 1897 713 1935 cum
749 1874 959 1935 morbo
1006 1884 1101 1936 ter
1133 1875 1464 1956 Cydippae
1507 1877 1795 1951 immisso,
1842 1885 1971 1936 tum
2018 1897 2137 1957 quo
2183 1896 2325 1936 mox
2368 1885 2681 1956 tamquam

439 1980 574 2036 nodi
612 1980 815 2041 vindex
843 1977 1074 2056 Apollo
1106 1997 1204 2038 res
1237 1980 1550 2057 componit
1595 1978 1838 2038 oraculo
1886 1977 2076 2037 edito.
2138 1979 2498 2058 scriptorum
2526 1999 2678 2038 vero

439 2079 549 2138 illa
605 2079 819 2138 classis
875 2087 1150 2138 amantes
1207 2099 1320 2158 per
1373 2081 1597 2158 longos
1656 2098 1892 2138 errores
1950 2079 2246 2139 machinis
2313 2079 2679 2159 quibusdam

439 2179 865 2241 remotioribus
909 2182 1170 2240 maxime
1217 2181 1469 2241 somniis
1514 2181 1689 2260 quasi
1733 2182 1852 2241 filis
1900 2200 1937 2239 a
1979 2181 2235 2240 numine
2283 2182 2515 2240 eminus
2544 2182 2681 2260 regi

442 2282 678 2342 faciunt
722 2291 908 2362 atque
953 2281 1186 2360 gubern
1194 2283 1301 2341 ari.

612 2382 823 2461 Quare
868 2403 1002 2442 cum
1045 2385 1400 2443 universum
1441 2383 1561 2442 hoc
1606 2382 1949 2444 fabularum
1994 2403 2189 2462 genus
2239 2383 2681 2444 Callimachum

441 2483 757 2545 videamus
805 2485 1009 2564 aliquo
1041 2484 1222 2544 modo
1268 2485 1629 2564 praeivisse,
1678 2487 2008 2564 scriptores
2039 2487 2190 2546 istos
2224 2485 2681 2546 Callimacheae

444 2586 589 2646 artis
635 2586 812 2665 plura
825 2632 840 2659 ‚
899 2587 1162 2645 maxime
1207 2587 1374 2646 locos
1422 2585 1723 2666 quosdam
1780 2607 2128 2647 communes
2143 2632 2157 2659 ,
2217 2586 2513 2645 imitando
2579 2606 2681 2645 ex—

442 2688 744 2767 pressisse
787 2689 920 2746 veri
951 2687 1280 2748 admodum
1324 2689 1523 2748 simile
1553 2687 1884 2747 videbitur.
1948 2687 2113 2768 quod
2160 2707 2225 2747 re
2270 2707 2421 2747 vera
2450 2688 2681 2747 factum

443 2809 578 2850 esse
624 2809 738 2848 nos
785 2790 1084 2868 exemplis
1129 2810 1241 2868 pro
1285 2790 1680 2869 reliquiarum
1740 2789 2015 2849 exilitate
2070 2788 2358 2848 tenuibus
2425 2789 2679 2849 demon·

441 2899 637 2952 strare
682 2888 1072 2950 conabamur.

613 2992 908 3070 Denique
952 3000 1018 3051 ut
1066 3011 1138 3050 eo
1185 2993 1489 3054 referatur
1535 3002 1807 3053 extrema
1866 2992 2200 3072 disputatio
2258 2992 2426 3052 unde
2482 2995 2683 3072 prima

443 3102 540 3152 est
584 3113 833 3167 exorsa,
895 3113 1130 3173 oppos
1150 3094 1284 3152 itis
1331 3095 1765 3172 argumenti
1824 3094 2204 3174 exquisiti
2252 3095 2430 3153 leno
2448 3095 2681 3153 ciniis

440 3195 771 3254 heroico
849 3197 1206 3270 carmini,
1269 3216 1412 3276 quo
1433 3196 1475 3255 d
1548 3197 1952 3276 popularis
2028 3207 2197 3257 erat
2260 3197 2673 3269 materiae,

442 3296 1018 3376 praeformatas
1078 3296 1304 3356 vides
1359 3297 1822 3358 Graecorum
1888 3297 2199 3358 fabulas
2251 3299 2681 3357 Romanen—

443 3417 586 3457 ses.
661 3407 896 3478 atque
941 3398 1152 3458 inter
1194 3408 1595 3479 utramque
1642 3408 1881 3459 artem
1924 3399 2247 3458 mediam
2289 3399 2363 3457 vi
2383 3398 2420 3458 d
2440 3419 2517 3458 es
2567 3400 2681 3458 in-

440 3496 838 3558 teriacere
887 3498 1497 3560 Callimacheam
1543 3502 1668 3561 vel
1711 3502 1772 3560 si
1816 3503 1929 3561 ita
1974 3501 2232 3561 dicere
2278 3501 2469 3560 licet
2499 3501 2681 3560 Ale-

439 3597 908 3661 xandrinam
966 3601 1326 3679 elegiam,
1391 3622 1589 3683 quae
1649 3622 1687 3662 a
1743 3604 1996 3682 prisci
2052 3602 2256 3681 epici
2314 3601 2681 3661 carminis

439 3702 566 3762 via
609 3701 960 3762 fabulari
1006 3702 1395 3763 etiamtum
1435 3713 1666 3763 utens
1707 3703 2048 3764 historia
2096 3703 2136 3763 d
2155 3703 2546 3763 eclinarit
2588 3701 2682 3762 ad

441 3804 924 3885 scriptiones
968 3804 1524 3865 Romanenses.
