2917 4992
1264 325 1563 390 -3w2
1651 363 1733 392 τ-

377 500 658 551 thalamus
697 515 893 550 recens
933 501 1110 549 extrui
1150 498 1366 549 solebat
1460 537 1473 549 .
1550 539 1561 551 .
1638 539 1648 550 .
1726 539 1735 550 .
1810 515 1860 563 p.
1899 497 1961 547 91
2004 513 2082 562 sq.

378 569 632 618 Thetidis
670 568 844 632 pedes
879 567 937 616 in
974 567 1448 632 descriptionibus
1552 605 1564 618 .
1641 603 1652 613 .
1726 603 1739 616 .
1812 581 1865 630 p.
1905 565 1969 614 32
2008 581 2086 630 sq.
2126 581 2179 616 n.

378 637 564 685 Titius
600 635 972 698 Protesilaum
1009 636 1355 700 tragoediam
1394 634 1619 699 scripsit
1726 674 1737 686 .
1813 651 1867 700 p.
1906 633 1973 682 59
2016 649 2065 683 n.

378 705 556 759 Varro
594 702 996 753 Callimachum
1036 701 1346 754 aemulatur
1463 739 1473 751 .
1548 738 1559 750 .
1636 740 1648 752 .
1723 739 1735 751 .
1809 718 1862 766 p.
1903 702 1965 751 17
2003 717 2052 751 n.
2101 702 2143 749 l,

378 978 608 1070 ἄγραδε
683 1027 1479 1042 ..........
1489 1044 1492 1046 ,
1552 1026 1563 1039 .
1638 1027 1649 1037 .
1727 1029 1737 1038 .
1813 1005 1865 1054 p.
1905 989 1970 1038 72

380 1049 705 1138 ἀκοντίζειν
765 1095 776 1107 .
853 1096 864 1107 .
939 1095 951 1107 .
1028 1095 1039 1107 .
1099 1061 1124 1108 ”.
1202 1099 1212 1109 .
1290 1100 1300 1110 .
1379 1095 1389 1105 .
1463 1067 1477 1109 “.
1554 1096 1563 1105 .
1637 1094 1648 1105 .
1724 1095 1735 1106 .
1811 1073 1862 1121 Ρ.
1909 1055 2005 1105 120

383 1118 694 1190 εἰσπνήλης
767 1161 1735 1177 ............
1810 1141 1863 1190 Ρ.
1903 1122 1969 1172 34

382 1191 497 1243 Ζεῦ
536 1191 668 1257 φίλε
702 1192 972 1243 ironicam
1007 1195 1118 1242 vim
1154 1193 1328 1242 habet
1375 1229 1735 1246 .....
1809 1208 1863 1260 Ρ.
1901 1190 1935 1242 9

377 1248 416 1326 ἦ
456 1255 531 1342 ρα
569 1261 714 1326 apud
754 1258 1157 1310 Callimachum
1194 1297 1733 1313 .......
1852 1257 1969 1308 ,29

379 1323 528 1378 κατὰ
566 1328 738 1378 θεῖον
775 1330 834 1377 in
870 1328 1074 1378 fabulis
1114 1365 1474 1380 .....
1496 1351 1513 1364 .
1548 1365 1559 1377 .
1635 1365 1646 1376 .
1722 1365 1733 1378 .
1806 1343 1857 1392 p.
1898 1325 1965 1376 94
2002 1341 2080 1390 sq.

379 1389 574 1454 κεστός
679 1432 1738 1449 .............
1811 1413 1862 1459 Ρ.
1903 1393 1971 1444 30

380 1456 564 1528 κύρβη
685 1500 1738 1515 .............
1810 1480 1860 1529 Ρ.
1904 1461 2001 1511 112

384 1529 710 1610 μελίφωνος
768 1567 1300 1584 .......
1339 1557 1352 1565 ἡ
1377 1568 1737 1583 .....
1810 1548 1863 1597 p.
1902 1528 1970 1579 89
2006 1545 2084 1594 sq.

383 1591 736 1676 φυλλόρροια
775 1598 926 1675 quid
941 1597 1241 1664 significet·
1291 1637 1302 1648 .
1377 1636 1388 1648 .
1439 1595 1477 1648 ’.
1522 1635 1565 1664 ,.
1641 1639 1651 1650 .
1726 1637 1737 1647 .
1811 1616 1862 1664 p.
1903 1595 1971 1646 80
2008 1613 2086 1662 sq.

377 1659 607 1748 φωλεόν
647 1672 704 1716 et
742 1656 959 1730 φωλεός
1032 1699 1740 1718 .........
1812 1683 1864 1732 Ρ.
1903 1664 1969 1715 34
2005 1682 2083 1729 sq.

377 1725 571 1800 ‘Yarjv
605 1735 761 1784 'vocis
799 1749 1058 1783 mensura
1113 1770 1737 1787 ........
1810 1750 1863 1798 Ρ.
1903 1731 1968 1782 97

1319 2239 1699 2302 ERRATA

382 2393 432 2440 p.
471 2375 504 2425 8
539 2391 590 2425 v.
630 2373 663 2423 8
700 2392 798 2440 pro
829 2378 1021 2440 propri
1056 2377 1240 2426 scribe
1274 2380 1483 2440 proprii

382 2460 434 2508 p.
476 2442 539 2492 19
574 2459 626 2493 v.
669 2442 722 2491 11
768 2458 865 2508 pro
901 2443 1107 2492 Hecala
1143 2445 1324 2494 scribe
1359 2445 1559 2494 Hecale

325 2507 339 2519 ‘
382 2527 435 2576 p.
475 2511 542 2559 24
578 2527 629 2561 v.
671 2510 735 2560 14
769 2527 867 2576 pro
903 2512 1178 2561 Ialcobsius
1215 2512 1396 2562 scribe
1431 2513 1701 2562 Iacobsius

382 2595 434 2644 p.
473 2577 540 2628 26
573 2595 627 2630 v.
664 2578 911 2644 paenult.
949 2595 1048 2644 pro
1081 2585 1451 2660 pronunciasse
1490 2581 1671 2630 scribe
1707 2585 2066 2644 pronuntiasse

382 2664 433 2711 p.
473 2647 538 2695 27
575 2662 627 2697 v.
671 2645 733 2696 16
768 2663 866 2712 pro
901 2650 1210 2726 suscepimus
1247 2649 1428 2698 scribe
1465 2650 1763 2726 suscipimus

383 2732 436 2779 p.
476 2712 543 2762 28
578 2730 630 2768 v.
669 2714 733 2764 21
771 2731 869 2781 pro
907 2713 1046 2766 τοῦκ
1082 2707 1287 2774 ἄλλους
1324 2717 1508 2766 scribe
1546 2714 1647 2768 τοῦ
1679 2708 1920 2776 κάλλους

383 2800 436 2847 p.
474 2781 537 2834 31
576 2799 627 2831 n.
667 2784 698 2831 2
736 2800 833 2847 pro
871 2784 1147 2833 Jalcobsius
1185 2784 1366 2833 scribe
1402 2784 1675 2834 Iacobsz'us

385 2867 436 2913 p.
475 2848 541 2899 32
577 2849 718 2902 v.11
747 2867 832 2914 sq.
868 2867 966 2930 pro
1005 2856 1324 2934 excripsisse
1351 2853 1733 2902 Aristaenetum
1769 2868 1873 2902 scr.
1900 2855 2187 2916 ean-criptum
2212 2849 2275 2902 ab
2300 2853 2639 2904 Amstaeneto

385 2935 438 2982 p.
477 2915 546 2964 40
581 2933 633 2966 v.
673 2917 706 2966 6
742 2934 840 2982 pro
877 2910 907 2969 6
947 2914 1120 2982 τῆσδέ
1157 2920 1338 2969 scribe
1376 2910 1406 2970 6
1443 2918 1618 2984 τῆσδε

386 3000 438 3049 p.
475 2983 542 3035 43
578 3000 631 3034 v.
670 2935 776 3034 25Ρ
772 3001 870 3049 pro
910 2987 1162 3049 Xenopho
1200 2987 1381 3036 scribe
1419 2987 1710 3051 Xenophon

388 3069 441 3117 p.
478 3052 546 3100 44
581 3068 631 3102 v.
669 3051 736 3102 32
773 3067 870 3117 pro
907 3054 1151 3104 Anacreo
1189 3056 1371 3104 scribe
1409 3055 1690 3106 Anacreon

387 3136 440 3185 p.
478 3118 544 3168 78
580 3136 632 3170 v.
671 3120 702 3169 5
738 3135 838 3186 pro
874 3121 1147 3172 Ialcobsius
1183 3123 1364 3173 scribe
1404 3124 1670 3174 lacobsius

388 3205 440 3251 p.
484 3186 576 3244 101
617 3203 668 3239 n.
704 3203 804 3253 pro
840 3191 980 3238 anth.
1017 3191 1082 3239 P.
1128 3190 1180 3238 V
1213 3194 1313 3240 182
1349 3193 1532 3242 scribe
1569 3193 1707 3241 anth.
1743 3193 1807 3242 P.
1855 3193 1908 3242 V
1936 3195 2041 3243 282

388 3271 442 3320 p.
479 3254 575 3306 113
611 3273 662 3306 V.
706 3255 767 3305 12
804 3273 901 3322 pro
939 3274 1067 3323 quae
1103 3258 1472 3310 observavimus
1504 3277 1557 3324 p.
1595 3263 1663 3309 54
1700 3260 1881 3310 scribe
1920 3277 2049 3326 quae
2087 3261 2451 3312 observavimus
2482 3278 2540 3325 p.
2574 3265 2641 3310 62
