2917 4992
1357 342 1821 408 *106*

481 521 560 580 ab
604 521 741 601 ipso
798 521 1165 594 institutam,
1233 539 1390 599 quae
1446 519 1672 599 puellis
1716 518 2048 580 interdicta
2105 526 2255 578 erat.
2346 517 2411 577 id
2468 538 2713 578 carmen

478 624 544 684 hi
585 645 800 685 versus
845 621 1248 683 concludunt:

783 763 957 828 hunc,
1001 762 1258 835 quoniam
1302 759 1561 816 manibus*
1594 749 1903 834 puryat‘um
1945 763 2228 816 sanxerat
2273 759 2484 828 orbem,

885 867 966 920 sic
1005 868 1267 919 sanctum
1316 863 1514 918 Tatiae
1556 875 1901 933 conposuere
1946 861 2135 918 Cures.

787 973 976 1022 sancte
1011 970 1188 1038 pater
1229 967 1406 1033 salve,
1453 967 1546 1020 cui
1585 966 1696 1019 iam
1734 962 1899 1035 favet
1942 978 2150 1034 aspera
2195 963 2367 1032 que,

886 1071 1109 1134 sancte,
1156 1069 1286 1123 velis
1327 1067 1466 1122 libro
1510 1067 1717 1127 dexter
1760 1067 1937 1120 inesse
1980 1075 2114 1120 meo.
2133 1058 2181 1138 ¹)

485 1201 606 1258 iam
651 1220 784 1260 cum
829 1207 1098 1259 extremo
1149 1199 1406 1259 disticho
1453 1200 1531 1258 cf.
1582 1198 1942 1258 Callimachi
1986 1199 2103 1278 frg.
2155 1207 2283 1261 120:

789 1338 965 1411 χαῖρε,
995 1332 1385 1411 βαρυσκίπων
1404 1375 1421 1406 ,
1466 1329 1749 1392 ἐπίτακτα
1792 1329 1903 1410 μὲν
1949 1325 2114 1405 ἓξοὶκι
2160 1324 2311 1408 δοιά,

891 1430 956 1493 ἐκ
1003 1425 1056 1491 δ’
1109 1424 1492 1514 αὗταγρεσίης
1535 1432 1791 1494 πολλάκι
1834 1425 2023 1492 πολλοὶ
2068 1428 2353 1514 καμών.’)

488 1573 672 1632 facile
717 1571 1040 1647 concedeS,
1086 1572 1181 1632 his
1229 1591 1475 1652 quoque
1518 1571 1797 1632 versibus
1844 1572 2113 1652 aliquam
2156 1572 2237 1631 'de
2267 1573 2538 1633 Hercule
2584 1592 2723 1630 nar-

487 1676 790 1734 rationem
831 1675 1222 1734 terminatam
1266 1673 1487 1747 fuisse,
1550 1674 1671 1732 nisi
1728 1672 1895 1754 quod
1948 1695 2137 1732 unum
2182 1673 2367 1732 credo
2415 1673 2725 1733 distichon

488 1784 760 1836 secutum
827 1796 992 1850 esse,
1063 1776 1228 1857 quod
1287 1776 1363 1835 ab
1421 1777 1687 1856 repetito
1754 1779 1919 1852 χαῖρε
1972 1775 2281 1855 incipiens
2338 1775 2597 1836 similem
2656 1795 2729 1834 ac

390 1877 392 1880 ’
486 1878 881 1957 Propertiani
935 1897 1149 1938 versus
1206 1879 1627 1959 precationem
1684 1877 2077 1938 continuerit.
2100 1872 2153 1953 3)
2244 1885 2307 1936 et
2388 1877 2727 1937 rectissime

489 1979 718 2038 iudicat
770 1980 1046 2040 Naekius
1093 1982 1246 2040 Hec.
1302 2002 1365 2060 p.
1410 1987 1543 2042 273:
1598 1981 1849 2054 fortasse
1901 1983 1983 2036 ita
2039 1981 2471 2038 concludebatur
2512 1975 2728 2036 Αἴτιον

395 2133 402 2140 .
487 2083 726 2156 aliquod.
795 2081 872 2141 cf.
917 2080 992 2142 O.
1039 2082 1406 2142 Schneideri
1460 2081 1738 2161 prolegg.
1786 2081 1852 2140 in
1898 2089 2019 2142 aet.
2065 2103 2127 2160 p.
2174 2088 2264 2155 14,
2320 2079 2557 2140 Rauchi
2604 2088 2732 2140 aet.

490 2183 565 2243 fr.
593 2191 679 2245 92.
741 2181 980 2242 accedit
1013 2183 1178 2264 quod
1214 2183 1525 2264 Cydippa,
1574 2183 1657 2241 ns
1682 2184 1992 2262 integrum
2021 2183 2239 2242 fuisset
2284 2201 2549 2254 carmen,
2585 2203 2731 2244 ,non

488 2285 579 2344 ita
616 2291 683 2344 ut
726 2284 990 2344 vidimus
1023 2285 1098 2344 ab
1135 2284 1364 2346 Ovidio
1396 2283 1607 2368 Iliadi.
1632 2284 1867 2364 opponi
1910 2286 2233 2364 potuisset.
2298 2303 2496 2364 eoque
2540 2284 2733 2362 igitur

490 2387 622 2446 iure
669 2386 746 2445 de
795 2385 1128 2466 Cydippae
1177 2385 1377 2464 elegia
1419 2395 1488 2446 ut
1535 2386 1613 2445 de
1658 2386 1953 2466 peculiari
1998 2393 2285 2468 poemate
2329 2386 2501 2466 loqui
2546 2385 2733 2444 nobis

491 2487 738 2546 licebat.
1101 2561 1114 2571 ο

665 2588 790 2648 Sed
813 2576 989 2669 ¹quod
1020 2609 1273 2663 sacrum,
1323 2591 1426 2669 qui
1459 2588 1613 2663 dies,
1663 2591 1910 2651 cuiusve
1942 2590 2064 2650 loci
2096 2591 2361 2668 priscum
2387 2609 2735 2666 cognomen

495 2674 733 2770 elegiae
793 2692 872 2752 de
927 2692 1151 2751 Aconti
1207 2701 1269 2752 et
1317 2690 1649 2771 Cydippae
1704 2692 2009 2752 amoribus
2068 2691 2234 2771 apud
2292 2691 2737 2752 Callimachum

492 2795 608 2854 fuit
677 2794 816 2853 finis
892 2803 953 2853 et
1027 2795 1201 2874 quasi
1275 2793 1629 2874 fastigium?
1712 2793 2036 2853 videamus
2122 2793 2273 2874 quid
2347 2792 2737 2872 respondeat

492 2896 1020 2956 ButtmannuS.
1856 2905 1859 2909 ’

663 2997 728 3056 Is
775 2995 1012 3056 adscita
1063 2997 1325 3058 maxime
1374 2997 1780 3077 Ctesyllae
1837 2997 2077 3071 fabula,
2150 3017 2331 3077 quam
2374 2996 2738 3056 Antoninus

493 3097 798 3158 Liberalis
848 3110 869 3159 l
919 3099 1220 3160 Nicandri
1297 3119 1565 3180 sequens
1655 3099 2266 3159 transformationum
2341 3097 2562 3177 librum
2636 3100 2741 3157 ΙΙΙ

493 3200 703 3275 refert,
753 3219 885 3259 eam
932 3202 1354 3281 quaestionem
1387 3199 1847 3280 expediendam
1876 3201 2149 3281 suscipit.
2214 3209 2535 3280 utramque
2572 3199 2743 3258 enim

494 3303 840 3378 historiam,
913 3311 974 3362 et
1035 3303 1512 3362 Callimacheam
1570 3312 1632 3363 et
1682 3303 2127 3377 Nicandream,
2206 3323 2459 3382 quarum
2516 3311 2744 3382 aperta

497 3403 827 3464 similitudo
885 3405 991 3478 sit,
1058 3404 1139 3464 ad
1197 3404 1460 3466 eandem
1518 3404 1724 3464 redire
1768 3404 2139 3484 primitivam
2182 3403 2482 3477 fabulam,
2542 3403 2746 3463 veluti

633 3673 674 3738 1)
711 3672 1050 3739 Transposui
1085 3671 1188 3723 duo
1222 3672 1367 3724 haec
1392 3673 1651 3726 disticha.
1712 3689 1840 3724 nam
1877 3680 2007 3724 ante
2044 3690 2205 3740 quam
2238 3680 2415 3726 sancte
2447 3680 2609 3738 pater
2648 3689 2744 3739 ap-

498 3759 801 3826 pellaretur
835 3757 1107 3808 Hercules
1153 3758 1360 3808 dictum
1399 3759 1684 3822 convenit,
1736 3775 1857 3810 eum
1891 3764 2145 3810 sanctum
2182 3774 2302 3810 esse
2341 3757 2579 3820 factum,
2632 3774 2746 3808 non

496 3848 710 3910 postea.
761 3859 865 3894 nec
901 3843 1012 3893 nisi
1047 3843 1104 3892 in
1141 3842 1262 3908 ipso
1301 3843 1452 3893 exitu
1490 3843 1546 3893 id
1584 3844 1725 3909 quod
1760 3845 2035 3908 posterius
2064 3844 2222 3909 posui
2245 3843 2519 3894 distichon
2547 3848 2747 3908 aptum

494 3929 674 3980 locum
710 3928 900 3978 habet.

631 4029 674 4094 2)
711 4030 870 4081 Prior
903 4043 1093 4080 versus
1131 4028 1332 4079 Ovidio
1369 4028 1589 4079 videtur
1624 4028 1949 4080 obversatus
1988 4043 2110 4078 esse
2147 4033 2276 4079 met.
2314 4030 2422 4079 XV'
2449 4031 2542 4080 39:
2594 4047 2627 4080 ο
2666 4034 2751 4080 cui

501 4116 578 4164 ius
623 4115 752 4164 caeli
794 4115 890 4165 bis
932 4131 1048 4164 sea:
1089 4115 1266 4178 fecere
1311 4114 1535 4165 labores.
1606 4114 1779 4164 Noun.
1820 4113 1990 4164 Dion.
2025 4114 2227 4164 XXXV
2261 4115 2387 4164 335:
2438 4109 2747 4180 Ἡρακλῆα

503 4191 960 4250 δυωδεκάεθλον.

582 4303 586 4308 ’
637 4297 678 4360 ³)
713 4299 826 4349 Eas
863 4299 1246 4351 conclusiones
1286 4301 1355 4351 ab
1391 4300 1619 4351 heroico
1656 4315 1859 4366 genere
1896 4301 2133 4352 mutuati
2168 4303 2311 4350 sunt.
