2917 4992
1078 375 1154 384 —
1247 337 1539 402 155-

339 623 505 672 certe
552 633 668 692 ego
714 614 1002 672 convalui
1047 611 1325 672 nondum
1373 613 1450 672 de
1498 615 1757 674 vulnere
1801 617 1939 691 tali,

418 722 484 773 ut
527 715 725 775 iaculo
771 716 1014 794 scriptis
1061 716 1296 795 eminus
1341 715 1463 774 icta
1506 715 1646 774 tuis.

337 816 485 896 quid
529 824 734 876 tamen
779 817 897 875 huc
940 816 1203 875 venias?
1259 835 1411 876 sane
1455 815 1807 876 miserabile
1852 836 2101 898 corpuS,

417 919 656 997 ingenii
698 917 917 978 videas
962 937 1188 997 magna
1232 926 1493 997 tropaea
1532 919 1643 976 tui.

183 1027 294 1081 215
342 1018 713 1079 concidimus
757 1020 984 1093 macie,
1033 1019 1198 1078 color
1243 1028 1338 1079 est
1380 1021 1518 1079 sine
1563 1021 1897 1098 sanguine,
1948 1023 2193 1101 qualem

418 1121 484 1179 in
528 1141 711 1200 pomo
757 1121 960 1180 refero
1004 1129 1212 1179 mente
1259 1121 1446 1180 fuisse
1492 1129 1628 1194 tuo,

339 1220 610 1281 candida
651 1242 768 1281 nec
810 1224 989 1282 misto
1036 1220 1361 1282 sublucent
1404 1243 1513 1281 ora
1556 1222 1808 1296 rubore,

421 1323 616 1382 forma
660 1325 808 1383 novi
849 1326 992 1383 talis
1035 1324 1350 1383 marmoris
1399 1343 1538 1384 esse
1582 1323 1777 1386 nolet:

333 1426 576 1502 argenti
621 1425 788 1484 color
833 1434 928 1485 est
970 1427 1134 1485 inter
1178 1426 1466 1486 convivia
1508 1426 1680 1499 talis,

185 1533 296 1585 220
337 1551 361 1558 -
426 1526 590 1605 quod
634 1535 863 1586 tactum
909 1526 1156 1604 gelidae
1199 1527 1431 1606 'frigore
1478 1526 1674 1605 pallet
1716 1546 1935 1606 aquae.

335 1627 387 1684 si
431 1647 528 1687 me
573 1648 738 1687 nunc
782 1628 1031 1702 videas,
1075 1629 1272 1688 visam
1315 1629 1485 1708 prius
1533 1647 1671 1687 esse
1714 1627 1973 1705 negabis

419 1736 550 1788 arte
595 1749 714 1788 nec
761 1739 856 1790 est
903 1728 1071 1789 dices
1115 1729 1235 1788 ista
1278 1731 1479 1809 petita
1520 1749 1687 1803 mea,

333 1831 738 1911 promissique
781 1830 996 1905 fidem,
1044 1851 1125 1890 ne
1170 1833 1285 1890 sim
1326 1831 1439 1890 tibi
1484 1834 1721 1905 iuncta,
1770 1831 2045 1891 remittes

421 1938 482 1989 et
525 1933 735 2011 cupies
780 1931 936 1991 illud
981 1953 1109 1991 non
1154 1934 1507 1993 meminisse
1553 1932 1751 1992 deam.

183 2037 291 2092 225
340 2031 598 2091 forsitan
646 2041 707 2092 et
748 2032 973 2106 facies,
1020 2034 1213 2092 iurem
1255 2042 1323 2093 ut
1367 2035 1676 2093 contraria
1719 2054 1955 2108 rursus,

419 2151 704 2214 quaeque
746 2135 950 2212 legam
993 2135 1196 2194 mittes
1243 2135 1438 2194 altera
1482 2135 1675 2208 verba
1718 2136 1885 2194 mihi.

329 2233 444 2292 sed
487 2243 693 2294 tamen
739 2237 1050 2315 aspiceres
1094 2236 1351 2309 vellem,
1399 2244 1583 2315 prout
1624 2237 1762 2316 ipse
1806 2235 2099 2314 rogabaS,

422 2344 484 2394 et
530 2336 730 2396 discas
777 2358 1046 2417 sponsae
1091 2337 1390 2415 languida
1433 2338 1705 2398 membra
1749 2347 1924 2397 tuae:

335 2436 544 2497 durius
593 2445 654 2496 et
697 2439 862 2498 ferro
911 2460 1042 2498 cum
1086 2439 1166 2499 sit
1208 2439 1321 2498 tibi
1364 2449 1613 2519 pectuS,
1661 2439 1920 2512 Aconti,

188 2547 300 2601 230
422 2547 550 2598 tum
592 2540 841 2599 veniam
884 2541 1112 2600 nostris
1157 2540 1411 2599 vocibus
1455 2542 1594 2620 ipse
1640 2549 1837 2619 petes.

339 2659 420 2699 ne
464 2649 673 2700 tamen
715 2643 996 2720 ignoreS,
1047 2661 1166 2721 ope
1216 2662 1337 2721 qua
1381 2643 1767 2701 revalescere
1813 2642 2042 2719 possim

418 2743 734 2821 quaeritur
776 2763 813 2801 a
855 2743 1121 2822 Delphis
1169 2743 1297 2802 fata
1343 2742 1797 2802 canente-deo.

334 2845 386 2901 is
434 2863 682 2923 quoque
727 2845 937 2906 nescio
987 2864 1201 2924 quam,
1245 2866 1411 2904 nune
1453 2854 1521 2904 ut
1564 2863 1729 2922 vaga
1771 2844 1934 2902 fama
1977 2853 2276 2920 susurrat,

42 263 50 298 f

40 379 45 660 J
185 521 296 574 210
427 511 592 592 quod
637 511 828 570 faciat
871 511 1060 589 longe
1104 511 1326 571 vulnus
1373 531 1629 573 acumen
1674 514 1886 576 habes.

324 3045 377 3078 v.
413 3029 514 3080 210
559 3031 696 3096 quod
731 3029 896 3093 faciet
927 3044 978 3079 v.
1016 3053 1079 3062 —-
1116 3044 1168 3080 v,
1207 3031 1303 3077 211
1353 3030 1599 3079 eumvalui
1643 3030 1858 3078 nundum
1893 3044 1944 3080 v.
1980 3056 2046 3065 —
2081 3045 2135 3080 v.
2172 3032 2271 3081 213
2303 3046 2429 3081 sane

190 3119 246 3162 ut
283 3112 450 3162 editio
485 3112 718 3175 Heinsi,
767 3113 858 3176 qui
897 3112 999 3162 coi.
1037 3129 1167 3162 anne
1203 3120 1276 3162 ut.
1315 3140 1376 3146 —
1425 3129 1478 3163 v.
1516 3115 1616 3162 214
1652 3113 1769 3162 bina
1806 3114 2057 3176 trophaea
2092 3114 2137 3161 L
2165 3130 2228 3176 v,
2275 3116 2431 3179 digna

193 3205 408 3261 tropaea
443 3193 777 3262 LennepiuS,
819 3197 911 3261 qui
947 3196 1191 3246 debebat
1226 3195 1386 3245 simul
1423 3197 1666 3246 scribere
1704 3198 1905 3260 inyem'o
1944 3203 1999 3245 et
2034 3204 2135 3247 tuo,
2188 3198 2431 3262 praetuli

190 3297 387 3346 mayna.
443 3297 572 3332 nam
606 3282 725 3332 bina
762 3297 795 3330 a
830 3280 1058 3331 librario
1094 3281 1199 3331 huc
1237 3281 1553 3332 memoriter
1588 3279 1819 3330 inlatum
1856 3296 1923 3330 ex
1948 3296 2032 3346 ep.
2056 3281 2137 3331 IV
2161 3282 2245 3343 66,
2272 3283 2429 3332 XVII

189 3367 307 3430 242,
343 3382 476 3416 rem.
506 3366 621 3429 158,
651 3369 756 3417 etc.
783 3391 850 3400 ——
885 3381 936 3416 v,
972 3366 1071 3414 216
1107 3381 1274 3416 mense
1307 3380 1358 3415 v.
1399 3391 1465 3400 —-
1498 3380 1551 3415 v.
1579 3366 1676 3415 217
1714 3366 1937 3416 candida
1972 3381 2035 3414 ne
2068 3379 2122 3414 v.
2148 3389 2218 3402 —
2249 3381 2303 3416 v.
2330 3368 2429 3416 222

184 3453 414 3516 petenda
448 3467 561 3501 mea
595 3451 641 3500 L
665 3465 721 3513 v,
759 3450 958 3515 scripsi
987 3451 1156 3514 petita
1188 3465 1314 3500 mea.
1374 3448 1663 3498 librarium
1690 3464 1723 3498 a
1748 3448 1955 3498 tradito
1982 3448 2211 3499 abduxit
2235 3449 2429 3500 talium

187 3551 444 3586 versuum
477 3535 742 3584 memoria
778 3534 971 3599 quales
1007 3538 1132 3584 sunt
1169 3549 1222 3584 a.
1261 3549 1312 3582 a.
1351 3533 1437 3583 ΙΙΙ
1464 3534 1545 3596 52,
1584 3534 1643 3583 II
1667 3535 1785 3592 390,
1824 3548 1911 3598 ep.
1936 3533 2037 3584 XV
2062 3535 2175 3593 164,
2213 3535 2354 3585 trist.
2384 3536 2432 3584 V

191 3620 270 3681 14,
296 3620 380 3680 42,
409 3618 527 3670 alii.
579 3619 816 3669 fortasse
850 3619 1014 3683 petita
1037 3619 1157 3668 mihi
1177 3617 1543 3668 scribendum.
1568 3643 1639 3654 —·
1672 3634 1723 3668 v.
1750 3619 1849 3669 223
1886 3634 1947 3668 ne
1982 3619 2075 3668 sim
2111 3617 2203 3668 tibi
2234 3620 2340 3668 uita
2377 3634 2425 3680 v,

187 3705 358 3754 vincta
383 3704 658 3754 editiones
676 3702 890 3766 Micylli
915 3706 972 3752 et
994 3702 1340 3753 Bersmanni.
1363 3731 1424 3737 —
1450 3717 1504 3754 v.
1525 3705 1627 3752 224
1651 3719 1751 3753 non
1766 3703 2030 3768 pepigisse
2057 3700 2305 3766 Cuperus
2326 3702 2359 3758 l.
2378 3719 2431 3752 c.

188 3787 248 3839 11
270 3805 323 3854 p.
350 3791 470 3839 700.
505 3813 574 3823 —
606 3803 658 3838 v.
685 3789 785 3838 227
823 3789 1082 3852 adspicias
1114 3791 1286 3838 vellem
1311 3790 1449 3853 quod
1472 3794 1522 3838 et
1543 3789 1654 3853 ipse
1677 3787 1899 3851 rogabas
1923 3785 2228 3836 Bentleius.
2270 3795 2432 3851 prout

186 3873 325 3923 mihi
349 3888 564 3938 quoque
589 3876 905 3938 suspectum
930 3872 1166 3923 videtur.
1192 3898 1256 3908 -
1293 3889 1342 3923 v.
1371 3873 1471 3922 228
1509 3880 1558 3922 et
1594 3874 1763 3922 discas
1798 3886 1906 3920 non
1932 3885 2143 3920 sanum.
2204 3873 2433 3934 aspicias·

187 3956 495 4008 BentleiuS.
544 3983 607 3991 ——
657 3971 710 4006 v.
746 3959 846 4008 229
892 3973 1000 4006 cum
1041 3959 1134 4006 sim
1181 3957 1272 4006 tibi
1313 3972 1366 4007 v.
1415 3957 1591 4006 durius
1625 3963 1680 4006 ut
1710 3956 1858 4019 ferro
1894 3957 1994 4004 iam
2026 3955 2098 4003 sit
2130 3954 2222 4004 tibi
2256 3955 2428 4003 Hein-

189 4041 340 4102 sius,
375 4043 423 4090 εἰ
455 4042 523 4090 sic
557 4041 927 4092 Bersmannus
965 4042 1022 4089 in
1057 4041 1324 4106 margine,
1362 4043 1465 4090 nisi
1494 4042 1543 4090 si
1575 4038 1884 4092 Bentleius.
1910 4064 1972 4074 -·
2009 4055 2063 4091 v,
2088 4040 2189 4089 230
2225 4046 2277 4088 tu
2302 4040 2347 4088 L
2373 4056 2425 4102 v,

185 4125 389 4189 scripsi
413 4132 532 4176 tum.
574 4132 728 4191 petas
751 4126 796 4173 L
822 4140 874 4188 v,
915 4126 1116 4191 scripsi
1145 4132 1310 4190 petes,
1336 4150 1404 4160 —
1439 4140 1494 4176 v.
1518 4126 1616 4176 231
1654 4140 1718 4174 ne
1754 4131 1919 4174 tamen
1951 4126 2170 4188 iquorem,
2208 4139 2305 4188 ope
2329 4141 2431 4189 qua

181 4211 506 4261 revalescere
535 4211 757 4275 possim:
795 4211 1060 4276 quaeritur
1096 4225 1144 4259 e.
1172 4225 1222 4274 q.
1251 4224 1294 4259 s·
1320 4208 1503 4276 vulg0.
1566 4208 1782 4259 correxi
1817 4208 2336 4274 interpunctionem.
2364 4236 2405 4244 -

182 4309 239 4346 v.
279 4295 380 4345 233
416 4301 465 4344 ec
502 4310 698 4361 quoque
734 4297 903 4346 nescio
941 4302 1175 4361 quantum
1208 4309 1338 4344 nunc
1372 4309 1553 4358 mayna
1583 4294 1725 4357 fama
1759 4307 1813 4343 v.
