2917 4992
1097 306 1519 368 ..ῃ-

204 470 294 555 ὅγε
333 480 567 552 κωφαῖς
609 497 724 556 pro
767 464 808 552 ἢ
850 467 947 535 ὅτε
991 480 1242 552 κωφαῐς.
1331 480 1436 559 qui
1482 478 1768 558 apposite
1812 480 2073 540 contulit
2116 481 2189 539 Il.
2224 483 2283 538 Γ
2323 493 2421 545 109

207 588 260 638 et
302 579 539 639 Gallim.
585 580 652 638 in
696 580 884 639 Dian.
935 591 1065 642 150:

442 697 660 776 ταῦρον
704 687 796 755 ὅτ’
844 693 910 754 ἐκ
955 695 1194 772 δίφροιο
1229 691 1386 773 μάλα
1429 693 1615 774 μέγαν
1658 685 1698 773 ἢ
1738 687 1839 774 ὅγε
1882 689 2139 775 χλούνην

447 788 680 874 κάπρον
723 785 1089 856 ὀπισθιδίοιο
1135 794 1334 876 φέρων
1381 818 1433 858 e.
1482 819 1542 878 q.
1588 819 1639 858 s.

207 915 360 976 addo
405 902 610 994 A’pon.
655 916 858 976 Rhod.
907 918 966 972 Γ
1005 925 1138 980 1239
1182 938 1276 997 sq.

46 655 57 1104 i
441 1026 565 1105 οἷος
609 1023 662 1090 δ’
692 1019 976 1110 Ἴσθμιον
1018 1027 1129 1092 εἶσι
1173 1025 1527 1093 Ποσειδάων
1571 1032 1627 1104 ἐς
1668 1025 1869 1113 ἀγῶνα

46 1163 48 1168 ·
438 1125 698 1212 ἅρμασιν
741 1125 1042 1214 ἐμβεβαώς
1084 1126 1128 1210 ἢ
1174 1135 1471 1212 Ταίναρον
1514 1125 1557 1212 ἢ
1596 1125 1696 1215 ὅγε
1740 1135 1979 1214 Λέρνης

439 1227 604 1314 ὕδωρ
649 1227 714 1313 ἠέ
761 1259 816 1298 e.
864 1259 924 1318 q.
971 1259 1020 1298 s·

198 1375 248 1413 v.
275 1364 311 1416 4
355 1355 498 1414 libri
543 1353 810 1432 ἔσχατον,
857 1357 1025 1437 quod
1057 1377 1185 1415 non
1229 1356 1557 1415 videbatur
1600 1377 1815 1416 sanum
1848 1378 2103 1438 cumque
2135 1378 2418 1419 sermone

198 1456 427 1516 Graeco
477 1459 954 1518 convenientem
997 1457 1227 1517 habere
1275 1459 1665 1538 explicatum.
1756 1469 2136 1540 quapropter
2180 1463 2419 1521 correxi

193 1546 377 1633 ἄσχετ’
426 1548 532 1624 ἄν,
593 1559 760 1638 quod
806 1559 1084 1638 perbene
1145 1560 1410 1639 quadrat
1465 1560 1531 1618 in
1588 1562 1979 1619 sententiam.
2069 1571 2211 1621 sunt
2256 1564 2420 1622 enim

191 1649 362 1736 ἄλγεα
403 1649 616 1736 ἄσχετα
663 1659 909 1720 dolores
953 1670 1079 1719 tam
1131 1662 1566 1734 vehementes,
1630 1662 1733 1742 qui
1787 1682 1916 1728 non
1972 1664 2094 1720 iam
2148 1666 2418 1724 coerceri

197 1772 422 1842 queant
466 1771 654 1842 atque
698 1763 968 1842 reprimi.
1056 1763 1122 1820 in
1167 1762 1244 1820 Il.
1292 1764 1355 1820 H
1396 1772 1502 1826 548
1546 1783 1639 1842 sq.
1703 1772 1798 1823 est
1840 1757 2064 1833 πένθος
2101 1759 2113 1844 Ι
2152 1753 2415 1840 ἄσχετον,

40 1914 48 1944 Ι,
109 1934 114 1940 ¹
191 1849 294 1920 οὐκ
339 1856 660 1921 ἐπιεικτόν.
748 1883 822 1922 ac
864 1864 1025 1922 solet
1057 1862 1467 1923 Callimachus
1497 1866 1857 1923 Homericas
1900 1865 2243 1926 locutiones
2288 1886 2416 1923 non

192 1966 302 2024 nisi
350 1965 741 2024 deflectendo
786 1983 1106 2044 usurpare.
1195 1985 1314 2024 nec
1355 1967 1556 2024 minus
1591 1966 2001 2026 Callimachea
2048 1975 2141 2025 est
2179 1967 2417 2025 variata

194 2067 558 2124 constructio
603 2065 775 2125 verbi
822 2061 1045 2144 ἕξερέῃ,
1115 2086 1296 2147 quam
1339 2087 1469 2126 rem
1515 2067 1666 2126 alias
1711 2087 2079 2146 percurram.
2165 2069 2419 2146 respicit

195 2177 387 2227 autem
432 2168 497 2226 ni
544 2167 726 2227 fallor
769 2169 931 2227 hunc
973 2187 1218 2228 versum
1261 2169 1612 2247 Hesychius
1672 2159 1881 2246 ἄλγεα·
1936 2156 2180 2245 ἀλγεινὰ
2224 2162 2382 2224 κακά
2399 2187 2411 2202 ·

195 2255 429 2339 ὀδύνας·
475 2264 748 2345 πήματα,
797 2279 858 2329 et
901 2270 1166 2329 fortasse
1211 2265 1430 2350 ἐξερέῃ·
1479 2265 1688 2350 ἐξηγῇ,
1731 2269 1837 2328 ubi
1882 2270 2061 2330 facile
2107 2269 2414 2348 corrigen-

201 2367 332 2428 dum
373 2380 467 2430 est
500 2364 724 2453 ἔξερέῃ·
772 2365 1064 2449 ἐξηγηται.
1151 2373 1238 2431 Μ.
1271 2371 1640 2431 Schmidtius
1674 2393 1807 2432 cum
1834 2370 2115 2432 Albertio
2160 2366 2415 2452 ἕξερέῃς·

199 2465 379 2552 ἐξηγῇ.
480 2481 544 2531 at
601 2473 877 2532 eiusdem
931 2473 1200 2551 glossam
1257 2475 1603 2552 μαψαῦραι·
1662 2473 1733 2530 αἱ
1767 2495 2009 2549 ματαιαι
2066 2463 2329 2552 [αἰμμαι]
2378 2495 2415 2549 η

201 2573 411 2648 κοῦφαι
453 2572 639 2633 πνοαί
649 2569 696 2650 ¹)
742 2575 822 2634 ad
865 2575 1134 2634 Hesiodi
1176 2576 1385 2653 theog.
1429 2585 1537 2640 872
1580 2576 1889 2649 rettulere,
1936 2575 2041 2634 ubi
2082 2575 2415 2635 scholiasta

177 2675 475 2736 'adnotat:
522 2671 692 2734 κεναὶ
739 2671 838 2734 καὶ
881 2669 1125 2753 μάταιαι
1169 2675 1370 2736 πνοαί.

354 2795 645 2876 Denique
710 2796 888 2856 huius
950 2795 1070 2854 loci
1134 2795 1379 2855 videtur
1442 2815 1673 2854 memor
1737 2794 1926 2854 fuisse
1994 2795 2099 2875 qui
2165 2803 2227 2853 et
2291 2796 2415 2854 alia

211 2893 604 2958 Callimachea
658 2897 848 2958 habet
917 2895 1021 2976 (cf.
1077 2897 1606 2957 Hemsterhusium
1674 2897 1753 2956 ad
1812 2895 2048 2958 Gallim.
2106 2896 2223 2975 frg.
2281 2895 2409 2975 185)

207 2995 482 3078 Alciphro
526 3000 561 3058 Ι
603 3008 671 3062 8:
727 2989 894 3076 κᾶγώ
938 2988 1008 3056 τά
1051 2990 1237 3058 πολλὰ
1283 3003 1407 3069 ταῖς
1450 2991 1665 3076 αὔραις
1706 2991 2062 3073 διαλαλήσας
2107 3019 2159 3058 e.
2195 3021 2253 3081 q.
2287 3021 2337 3059 S.
2359 2995 2411 3078 ²)

214 3099 508 3179 aliquanto
539 3101 830 3160 incertius
864 3110 974 3176 est,
1021 3101 1186 3181 quod
1215 3101 1625 3160 Ruhnkenius
1659 3101 2135 3160 Callimacheam
2164 3110 2413 3160 senten-

213 3200 336 3259 tiam
383 3193 475 3260 'ab
534 3203 934 3261 Aristaeneto
1005 3206 1487 3262 Callimachiarum
1548 3207 1949 3277 clementiarum
2013 3205 2413 3274 diliqentissimo

213 3310 364 3378 putat
408 3323 765 3383 expressam
807 3304 938 3367 116
965 3325 1031 3384 p.
1075 3312 1145 3366 78
1181 3306 1292 3364 Bo.
1337 3293 1494 3375 ἅπας
1538 3290 1649 3381 γὰρ
1697 3295 1779 3360 δι’
1826 3291 2029 3361 ὁτιοῦν
2074 3290 2411 3379 ἀχθόμενος

213 3393 303 3476 τὴν
351 3397 574 3484 ψυχὴν.
609 3395 674 3463 τὸ
732 3405 962 3463 λυποῦν
1017 3401 1279 3463 ἕκλαλῶν
1333 3401 1699 3480 ἐπικουφίζει
1744 3404 1848 3480 τῆς
1890 3395 2219 3481 ἀδημονίας
2240 3400 2292 3484 3)
2348 3395 2413 3462 τό

325 3641 364 3705 ¹)
400 3643 538 3693 Nam
574 3634 785 3723 αιμμαι
822 3643 964 3706 quod
990 3644 1324 3701 coniecturis
1349 3643 1806 3710 improbabilibus
1830 3647 2113 3694 tentarunt
2136 3641 2240 3691 viri
2265 3642 2414 3692 docti

36 3723 39 3904 '
213 3721 474 3776 delendum
519 3732 676 3791 put0,
739 3743 859 3776 cum
906 3728 1284 3793 dittographia
1327 3728 1636 3778 litterarum
1680 3727 2062 3778 AIMATAIAI
2107 3733 2281 3776 ortum
2330 3727 2413 3776 vi-

212 3807 395 3861 (icatur.

323 3911 363 3976 ²)
408 3914 586 3964 Ventis
629 3927 781 3962 maras
825 3916 1127 3966 committere
1161 3893 1420 3980 <quaeque
1467 3916 1553 3964 his
1590 3920 1717 3964 sunt
1748 3913 1955 3964 similia
1997 3913 2317 3977 plerumque
2356 3914 2413 3962 in

213 3999 522 4046 contrarium
545 3997 662 4046 fere
683 3997 940 4048 dicuntur
963 4014 1201 4048 sensum.
1227 3999 1300 4048 cf.
1329 3999 1583 4064 Sapphus
1610 3999 1714 4062 frg.
1732 4000 1794 4047 18
1818 3998 1979 4063 ng.‚
2007 3996 2240 4046 Theocr.
2253 3997 2413 4046 XXII

215 4081 292 4129 167
324 4096 416 4145 sq„
464 4081 718 4147 Apollon.
757 4082 930 4133 Rhod.
967 4083 994 4133 Ι
1031 4085 1161 4134 1334
1197 4099 1298 4149 sq„
1343 4085 1519 4134 Nonn.
1558 4082 1790 4132 XLVIII
1827 4084 1950 4142 785,
1998 4080 2198 4132 Catull.
2234 4082 2413 4132 LXIV

214 4163 308 4221 164,
341 4167 470 4216 Hor.
511 4182 680 4217 carm.
717 4167 744 4218 1
779 4170 844 4217 26
880 4168 1000 4218 init.
1037 4168 1132 4218 ubi
1169 4185 1219 4218 v.
1259 4168 1771 4219 Mitscherlichium.

327 4249 364 4314 ³)
400 4250 586 4301 Codex
621 4250 692 4316 τῇ
727 4250 982 4318 διανοίᾳ.
1042 4252 1402 4303 Ruhnkenius
1435 4253 1539 4318 τῆς
1573 4243 1915 4318 ἀδημονίας,
1955 4254 2275 4305 Huschkius
2295 4253 2335 4306 l.
2364 4271 2409 4306 c.
