2917 4992
396 1197 798 1275 Aristaeneti
843 1209 1170 1288 epistulam
1214 1209 1248 1268 I
1293 1220 1388 1283 10,
1449 1209 1683 1290 quippe
1742 1229 1901 1289 quae
1954 1229 2079 1268 una
2123 1230 2256 1268 cum
2302 1209 2448 1270 Ovi-

238 1311 432 1372 dianis
475 1311 608 1370 XX
653 1319 715 1372 et
757 1311 925 1371 XXI
969 1310 1440 1370 fundamentum
1484 1319 1651 1371 esset
1694 1311 2041 1390 praesentis
2090 1311 2449 1392 disputatio-

236 1412 352 1486 nis,
413 1432 492 1472 ex
535 1431 602 1472 re
647 1412 844 1472 visum
890 1421 984 1472 est
1037 1413 1190 1492 ipsis
1239 1413 1428 1474 oculis
1474 1412 1751 1472 subicere
1796 1412 2130 1491 diligenter
2171 1413 2450 1492 recogni—

235 1521 366 1572 tam.
444 1513 512 1572 id
571 1511 740 1594 quod
797 1521 1036 1592 gratum
1089 1514 1223 1574 fieri
1280 1513 1607 1574 lectoribus
1670 1533 1743 1573 eo
1798 1515 1994 1592 magis
2052 1513 2449 1588 confidebam,

239 1615 514 1693 qu'oniam
557 1613 941 1674 Aristaeneti
998 1635 1158 1696 quae
1206 1623 1421 1676 extant
1467 1614 1774 1675 editiones
1819 1616 1907 1674 ita
1949 1627 2092 1675 sunt
2136 1635 2449 1695 compara-

238 1725 358 1790 tae,
423 1716 534 1776 vix
585 1725 652 1776 ut
705 1716 893 1775 ullam
948 1737 1076 1776 non
1138 1725 1394 1795 gravate
1449 1718 1515 1776 in
1572 1736 1787 1776 manus
1845 1736 2065 1776 sumas.
2154 1716 2453 1777 adnotavi

242 1827 426 1876 autem
479 1816 621 1877 libri
678 1818 782 1897 qui
836 1838 994 1878 unus
1048 1816 1310 1878 habetur
1353 1816 1862 1879 vindobonensis
1906 1818 2209 1897 integram
2250 1819 2450 1878 varie-

242 1926 430 1978 tatem.
520 1919 682 1978 hanc
739 1919 903 1978 enim
957 1926 1024 1978 ut
1077 1919 1351 1998 paullulo
1399 1919 1836 1978 accuratiorem
1883 1919 2070 1978 etiam
2116 1916 2265 1978 dare
2308 1938 2450 1998 pos-

241 2019 337 2078 sim
391 2041 571 2100 quam
628 2041 666 2078 a
707 2019 1121 2080 Boissonadio
1181 2040 1260 2081 ex
1300 2021 1602 2080 Bastiana
1638 1995 2013 2080 ⁴conlatione
2070 2020 2327 2094 factum,
2384 2019 2451 2078 id

241 2131 544 2201 promptae
599 2122 966 2181 humanitati
1021 2123 1469 2182 Emanuelis
1527 2121 1985 2180 Hoffmanni
2042 2120 2272 2193 debe0,
2347 2121 2452 2201 qui

241 2223 452 2282 Haasio
503 2232 565 2282 et
607 2222 945 2282 Ritschelio
1003 2222 1508 2304 praeceptoribus
1564 2223 1808 2302 optimis
1864 2223 2043 2283 simul
2093 2221 2450 2301 rogantibus

243 2326 548 2403 epistulam
604 2325 774 2383 illam
832 2325 1090 2384 contulit
1145 2325 1617 2385 accuratissime.
1708 2333 1803 2384 est
1858 2332 2060 2384 autem
2112 2323 2271 2384 liber
2322 2324 2449 2398 ille,

242 2445 405 2503 quem
472 2427 923 2504 inscripserunt
978 2429 1328 2485 Aristaeneti
1385 2429 1674 2500 Epistulae
1732 2429 2058 2485 Amatoriae
2119 2426 2452 2505 imperialis

238 2525 632 2586 bibliothecae
691 2528 825 2588 cod.
882 2547 992 2587 ms.
1050 2527 1202 2605 phil.
1251 2527 1471 2588 Graec.
1518 2548 1581 2587 n.
1631 2526 1885 2601 OOOX,
1950 2525 2451 2588 membranaceus

239 2628 417 2688 forma
461 2629 555 2690 IV
608 2629 873 2702 minore,
934 2637 1225 2688 constans
1282 2629 1447 2687 foliis
1494 2637 1580 2691 64.
1669 2626 1970 2687 accedant
2027 2627 2448 2708 descriptioni,

241 2749 383 2808 quae
449 2729 619 2789 idem
685 2731 780 2789 vir
852 2729 1236 2790 doctissimus
1294 2730 1359 2787 in
1418 2729 1639 2789 litteris
1698 2728 1779 2788 ad
1836 2729 2235 2790 Ritschelium
2291 2729 2451 2788 datis

240 2830 478 2890 adiecit:

395 2937 535 2991 Base
575 2939 649 2991 im
694 2951 846 3008 spec.
891 2936 1002 2991 Ed.
1048 2952 1170 2991 nov.
1215 2936 1384 2992 Arist.
1423 2952 1491 3007 p.
1528 2939 1560 2990 7
1602 2935 1743 3008 yiebt
1784 2934 1982 3008 richtiy
2026 2951 2127 3003 an,
2174 2934 2309 2990 dass
2352 2936 2452 2990 der

240 3037 402 3092 codex
443 3054 548 3093 von
591 3040 737 3093 zwei
775 3037 1197 3097 verschiedenen
1242 3035 1575 3092 Schreibern
1621 3036 1960 3096 her-ruem&
2003 3051 2167 3092 wenn
2212 3051 2276 3090 er
2318 3037 2454 3108 aber

239 3138 393 3193 ueber
421 3139 569 3194 diese
597 3137 842 3194 hemerlcc
887 3138 1061 3193 ‘unus
1075 3180 1089 3206 ,
1134 3140 1453 3210 scripturae
1495 3139 1830 3209 compendiis
1871 3143 2029 3192 utens
2064 3138 2323 3208 plurimis
2364 3140 2453 3192 iis-

239 3253 334 3309 que
383 3254 782 3312 saepenumero
841 3241 980 3294 lectu
1033 3237 1370 3312 difficillimzs
1388 3281 1402 3307 ,
1462 3244 1746 3294 caeterum
1804 3244 2100 3294 accuratus
2151 3245 2205 3293 et
2233 3253 2453 3310 paucos

237 3340 510 3396 admittens
551 3343 757 3397 calami
796 3356 1052 3397 errores:
1107 3341 1250 3396 alter
1293 3340 1623 3414 pulchriore
1676 3358 1843 3395 manu
1876 3340 2173 3411 praeditus
2215 3346 2267 3394 el
2298 3356 2451 3396 ‘com-

229 3443 435 3510 pendiis
489 3444 546 3498 in
604 3442 892 3498 scribendo
935 3444 1152 3498 omnino
1189 3442 1321 3514 fere
1363 3443 1641 3498 abstinens
1657 3485 1672 3511 ‚
1736 3457 1924 3497 verum
1978 3444 2455 3515 iynorancissimus

238 3551 282 3596 ec
320 3545 724 3617 stupidissimus
766 3541 954 3599 homo'
999 3549 1120 3599 ceu.
1137 3586 1152 3612 ‚
1197 3559 1258 3599 so
1301 3546 1370 3598 ist
1411 3559 1529 3598 mas
1571 3559 1637 3598 er
1678 3544 1845 3599 ueber
1874 3544 2329 3618 Beschaffenkeit
2356 3546 2457 3600 der

239 3642 442 3717 Schrist
481 3646 602 3701 und
643 3645 893 3700 Einsichc
935 3645 1037 3700 der
1081 3644 1377 3700 Schreiber
1418 3652 1568 3718 sayt,
1613 3645 1967 3702 volllcommen
2010 3646 2205 3718 richtiy
2217 3670 2233 3708 ;
2286 3647 2453 3717 daye-

235 3760 332 3814 9en
372 3746 470 3802 hat
509 3762 576 3801 er
617 3746 941 3802 unbeachtet
977 3747 1250 3818 yelassem
1299 3746 1432 3801 dass
1478 3747 1630 3802 beide
1659 3745 1949 3820 Schriften
1993 3765 2085 3802 um
2128 3749 2456 3819 wem‘ystens

240 3849 365 3901 zmei
386 3847 806 3904 Jahrhunderte
832 3847 1381 3920 auseinanderlieyen
1412 3847 1689 3920 duerften.
1763 3849 1883 3904 Der
1925 3849 2131 3905 aeltere
2173 3855 2457 3904 aeusserst

241 3947 427 4004 schoen
477 3949 862 4022 yeschriebene
924 3948 1106 4017 Theil,
1174 3949 1279 4006 der
1348 3952 1444 4006 mil
1500 3949 1603 4022 fol.
1656 3953 1727 4004 17
1772 3950 1987 4022 beqinnt
2052 3947 2120 4027 (I
2160 3955 2229 4006 11
2255 3968 2316 4022 p.
2350 3956 2450 4020 54,

245 4047 275 4100 l.
310 4053 376 4106 16
417 4051 501 4107 ed.
533 4051 749 4108 Boi-ss„-
791 4040 946 4106 εἶναι
989 4037 1175 4106 καλὸν
1218 4068 1273 4107 κ.
1305 4068 1357 4109 τ.
1391 4046 1505 4126 L),
1548 4057 1767 4106 stamme
1807 4067 1913 4106 aus
1957 4053 2079 4108 dem
2122 4052 2272 4107 XII.
2302 4067 2453 4108 saec.

245 4147 352 4203 Der
390 4153 614 4225 Anfany
668 4153 772 4207 der
815 4152 919 4209 HS.
972 4155 1101 4225 yiny
1158 4154 1413 4208 verloren
1467 4151 1585 4207 und
1636 4155 1707 4206 im
1766 4152 1934 4209 XIV.
1980 4169 2130 4209 saec.
2186 4171 2315 4226 may
2368 4157 2453 4210 ein

247 4247 480 4308 Besitzer
521 4255 699 4310 dieses
726 4255 906 4310 codex
948 4239 1246 4327 ἀκέφαλος
1287 4253 1404 4308 sich
1435 4254 1725 4309 denselben
1760 4257 2233 4330 vervollstaendiyt
2260 4257 2455 4330 haben,
