2917 4992
1099 339 1521 403 ...41-

203 516 370 578 modo
399 517 584 576 etiam
626 514 744 594 frg.
777 520 880 578 184
921 513 1046 575 huc
1085 512 1378 594 pertinet.
1457 530 1530 572 ac
1558 510 1760 572 simile
1802 510 1953 592 quid
1986 509 2429 574 Callimachum

205 621 261 680 in
299 618 700 680 Asinensium
741 615 994 677 nomine
1035 615 1152 693 frg.
1201 623 1296 678 151
1329 621 1799 676 memoratorum
1828 612 2107 674 molitum
2136 632 2271 675 esse
2284 659 2301 688 ,
2350 635 2429 675 ex

209 721 288 780 eis
328 718 628 780 concludo
675 735 836 798 quae
878 717 948 779 in
991 724 1178 796 etym.
1223 735 1303 776 m.
1333 734 1386 774 s.
1423 715 1488 774 h.
1518 735 1580 774 v.
1624 714 2023 794 disputantur
2064 736 2203 776 cum
2245 716 2431 776 frusti

209 821 362 881 illius
406 820 722 881 mentione
763 819 1115 881 coniuncta.
1159 818 1239 878 cf.
1285 825 1350 880 et
1373 815 1654 896 Hesych.
1698 836 1750 877 s.
1778 837 1843 876 v.
1862 804 2084 892 Ἀσίνη.
2157 818 2429 898 denique

207 921 566 982 Callimacho
603 919 1113 983 Hemsterhusius
1158 918 1239 980 ad
1282 919 1401 999 frg.
1451 927 1516 984 19
1559 917 1867 980 distichon
1909 919 2252 983 vindicavit
2294 921 2429 980 sine

212 1025 466 1084 auctoris
511 1023 763 1083 nomine
805 1021 1062 1082 allatum
1105 1029 1291 1101 etym.
1335 1041 1415 1082 m.
1460 1039 1525 1100 p.
1569 1028 1705 1094 372,
1750 1029 1805 1082 4:

591 1125 760 1182 κεῖθι
805 1118 870 1182 δέ
909 1120 976 1180 οἰ
1007 1115 1214 1200 πρώτη
1255 1111 1440 1198 μαζὸν
1484 1109 1667 1198 infici
1712 1115 1892 1201 ἕρίφη

499 1219 682 1304 χωρὶς
723 1211 812 1284 ἇπ
853 1215 1206 1302 ἀνθρώπων
1249 1217 1352 1282 καὶ
1396 1209 1685 1298 ἔπωόμασ’
1732 1215 2125 1302 Είραφιοὸτην

203 1345 482 1426 idemque
524 1343 774 1404 videtur
818 1341 1054 1406 Cobeto
1099 1342 1179 1402 ad
1235 1342 1299 1406 h.
1343 1353 1374 1406 1
1430 1349 1493 1402 et
1533 1340 1823 1403 Heckero
1866 1363 2081 1405 comm.
2123 1342 2203 1404 de
2256 1343 2428 1404 anth.

206 1454 334 1512 1843
374 1465 438 1526 p.
486 1453 612 1512 186.
641 1477 724 1492 —-
755 1444 924 1525 quod
965 1445 1362 1507 inventorum
1404 1463 1603 1522 genus
1646 1443 1768 1505 iam
1810 1443 1985 1504 vides
2028 1463 2310 1506 manasse
2353 1464 2431 1504 ex

202 1548 396 1610 studio
452 1547 560 1609 illo
625 1546 1100 1624 aetiologico
1143 1545 1397 1609 Graecis
1453 1545 1705 1624 penitus
1760 1545 2071 1624 ingenito,
2128 1546 2243 1606 sed
2282 1544 2430 1606 Ale-

211 1651 512 1710 xandrino
559 1667 712 1709 aevo
756 1648 1146 1710 artificiosius
1189 1647 1617 1725 curiosiusque
1661 1645 1929 1705 exculto.

367 1751 600 1814 Verum
641 1747 828 1811 redeo
863 1749 944 1808 ad
972 1747 1334 1822 Acontium,
1381 1749 1448 1810 in
1491 1746 1667 1808 cuius
1710 1748 1960 1808 nomine
1991 1745 2432 1810 Callimachum

205 1874 272 1914 ea
311 1873 438 1933 qua
481 1852 613 1912 dixi
640 1852 882 1914 ratione
923 1849 1150 1914 lusisse
1191 1858 1324 1916 tum
1349 1849 1734 1912 Aristaeneti
1761 1847 1965 1910 verbis
2008 1869 2198 1930 supra
2241 1849 2433 1914 deno-

205 1957 342 2014 tatis
383 1962 516 2014 tum
567 1959 791 2032 poetae
832 1972 950 2012 usu
1003 1951 1187 2014 modo
1228 1949 1623 2031 comprobato
1664 1951 1799 2012 veri
1853 1950 2051 2013 simile
2105 1953 2431 2014 evincitur.

202 2066 257 2116 at
311 2057 476 2116 enim
493 2098 508 2127 ‚
567 2054 684 2114 hoc
740 2062 812 2113 ut
866 2052 1117 2126 addam,
1175 2072 1326 2112 vera
1380 2053 1646 2112 nominis
1702 2051 2058 2130 originatio‚
2114 2053 2263 2114 licet
2314 2074 2433 2115 nec

201 2158 568 2218 Buttmanno
613 2174 730 2216 nec
771 2155 1183 2216 recentiorum
1212 2155 1505 2234 cuiquam
1542 2153 1867 2214 observata
1910 2155 2018 2228 sit,
2066 2153 2235 2215 haud
2279 2164 2430 2234 puto

199 2259 372 2318 latuit
417 2257 880 2318 Callimachum.
968 2273 1236 2336 namque
1267 2245 1574 2325 Ἀκόντιος
1624 2263 1841 2335 aperto
1900 2255 2308 2316 derivandum
2352 2258 2431 2317 ab

201 2347 548 2434 ἀκοντίζειν,
608 2357 856 2419 nomine
910 2357 986 2418 ab
1041 2378 1110 2418 re
1165 2357 1360 2432 facta,
1423 2378 1565 2418 cum
1616 2356 1921 2418 Acontius
1976 2358 2277 2420 iaculator
2328 2360 2428 2432 sit,

199 2463 428 2523 scilicet
483 2461 651 2542 pomi
705 2458 1007 2532 iaculator
1023 2455 1096 2537 ¹).
1185 2458 1352 2540 quod
1396 2479 1507 2523 cur
1556 2459 1755 2521 dicam
1796 2481 1923 2521 non
1968 2460 2201 2540 fugisse
2248 2459 2431 2521 Calli-

200 2564 472 2625 machum
491 2607 509 2636 ‚
554 2563 718 2624 hanc
757 2562 908 2624 mihi
949 2563 1103 2622 scito
1149 2580 1432 2624 caussam
1472 2581 1629 2624 esse.
1705 2561 1971 2624 Ovidius
1985 2557 2037 2639 2)
2085 2565 2275 2637 enim,
2324 2564 2430 2642 qui

237 2749 248 2764 ⁰
335 2765 375 2830 ¹)
409 2765 650 2817 Lucian.
685 2761 822 2814 dial.
844 2767 1066 2814 meretr.
1092 2763 1198 2813 XII
1223 2765 1280 2813 1:
1319 2755 1479 2820 τέλος
1513 2755 1581 2813 δὲ
1614 2760 1719 2814 τοῦ
1752 2753 1939 2829 μήλου
1970 2750 2286 2814 οἷκοδακῶν
2310 2799 2325 2814 .
2364 2799 2380 2815 .
2416 2801 2431 2817 .
2484 2823 2493 2830 ,

200 2841 500 2916 προκόψας
523 2863 642 2907 πως
666 2835 946 2913 εὐστόχως
979 2840 1424 2914 nocendumve:
1448 2837 1509 2906 ἐς
1544 2839 1647 2899 τὸν
1669 2841 1883 2899 κόλπον
1908 2839 2102 2914 αὐτῆς.
2151 2847 2430 2900 Aristaen.

201 2935 225 2985 1
256 2936 353 2986 252
424 2925 738 3000 Πάμφιλος
775 2927 840 2984 δὲ
875 2929 980 2984 τοῦ
1003 2920 1195 3000 ’μήλου
1234 2924 1442 3000 μικρὸν
1474 2923 1789 2985 α’κοδακών
1825 2923 2101 2998 εὐστόχως
2135 2921 2435 3000 ἦκόντισεν

207 3013 282 3080 είς
318 3010 422 3072 τὸν
456 3009 671 3070 κόλπον
706 3008 949 3082 ἐκείνης.

326 3101 370 3170 ³)
407 3101 719 3155 ovidianas
755 3103 976 3168 quando
1011 3101 1140 3154 dico
1175 3100 1447 3168 epistulas
1482 3101 1587 3153 XX
1622 3107 1681 3154 et
1713 3101 1845 3154 xx!
1877 3103 1984 3154 hoc
2006 3119 2119 3155 non
2140 3104 2250 3156 nisi
2285 3095 2433 3155 com-

207 3190 394 3241 modae
431 3187 728 3240 brevitatis
753 3202 956 3240 caussa
979 3185 1101 3238 fieri
1124 3187 1391 3237 monitum
1413 3185 1560 3242 volo,
1617 3187 1746 3240 illas
1783 3189 1928 3239 enim
1961 3188 2032 3238 ab
2065 3189 2264 3241 ovidio
2299 3191 2435 3241 scri-

207 3278 328 3340 ptas
361 3289 472 3325 non
509 3288 633 3324 esse
669 3287 764 3324 eos
801 3284 1018 3339 quoque
1050 3272 1234 3339 ipsos,
1274 3273 1369 3337 qui
1403 3271 1569 3323 Ovidi
1606 3271 1872 3338 epistulas
1908 3277 1966 3323 et
1999 3273 2182 3324 editas
2218 3289 2342 3325 esse
2380 3279 2439 3326 et

213 3359 368 3410 hodie
405 3358 528 3426 legi
559 3361 829 3409 censeant
869 3355 1055 3424 plures
1099 3355 1212 3408 illis
1257 3371 1402 3422 quae
1447 3372 1615 3409 amor.
1650 3357 1705 3408 11
1743 3357 1833 3421 18,
1879 3359 1945 3408 21
1990 3373 2111 3424 sqq.
2154 3364 2436 3427 notantur,

215 3443 426 3495 docebit
459 3447 577 3494 tum
613 3442 832 3494 indoles
865 3441 1223 3508 epistularum
1257 3441 1458 3492 Aconti
1494 3446 1553 3493 et
1586 3439 1867 3508 Cydippae
1907 3447 2023 3494 tum
2070 3459 2212 3510 quae
2254 3445 2439 3498 heroi-

211 3528 330 3579 dum
363 3527 496 3579 libri
521 3527 743 3580 videtur
778 3542 899 3580 esse
937 3525 1245 3593 dispositio.
1297 3542 1537 3593 namque
1571 3530 1879 3578 mutuarum
1916 3528 2274 3594 epistularum
2310 3531 2441 3582 XVI

209 3613 400 3664 ——xxl
443 3612 604 3664 nulla
638 3612 710 3664 ab
745 3611 954 3664 ovidio
990 3616 1078 3664 est
1111 3614 1436 3678 composita.
1517 3615 1578 3663 at
1618 3617 1810 3664 tamen
1842 3614 2127 3680 utriusque
2163 3616 2436 3682 epistulae

210 3701 392 3749 auctor
405 3713 520 3749 non
537 3697 714 3748 solum
732 3697 1032 3764 diligenter
1056 3712 1118 3749 se
1142 3695 1451 3750 insinuavit
1474 3698 1533 3747 in
1552 3697 1720 3750 Ovidi
1738 3697 2035 3750 dictionem
2055 3702 2221 3764 atque
2242 3705 2436 3764 artem,

219 3782 306 3833 sed
339 3799 410 3834 ne
445 3786 636 3848 potest
670 3782 887 3848 quidem
911 3783 1023 3834 nisi
1058 3784 1302 3848 proxime
1327 3782 1400 3833 ab
1435 3783 1599 3834 huius
1624 3787 1813 3834 aetate
1838 3784 2065 3836 afuisse.
2126 3789 2183 3834 et
2217 3784 2437 3850 quidem

44 3913 46 3928 ,
211 3865 470 3931 epistulae
500 3855 638 3919 XXI
672 3871 740 3918 to
753 3868 894 3919 tius
932 3872 1215 3919 auctorem
1251 3882 1362 3919 non
1389 3869 1572 3919 minus
1608 3883 1771 3933 quam
1798 3870 2073 3934 epistulae
2105 3869 2237 3918 XXI
2262 3866 2435 3919 Calli-

44 3967 46 3978 ·
209 3951 382 4004 machi
419 3952 679 4019 Cydippa
711 3967 869 4005 usum
907 3968 1030 4005 esse
1045 3991 1060 4018 ,
1105 3953 1394 4019 praesenti
1435 3952 1809 4019 disputatione
1846 3958 2004 4004 extra
2036 3952 2439 4004 dubitationem

209 4041 516 4101 reponetur.
587 4051 696 4102 quo
733 4039 782 4089 si
819 4037 974 4089 aliud
1007 4036 1147 4090 nihil
1191 4037 1296 4089 hoc
1333 4042 1487 4089 certe
1522 4051 1855 4103 consequar,
1900 4043 1963 4088 ut
1998 4052 2183 4088 eorum
2216 4039 2439 4104 ineptam

210 4124 614 4186 superstitionem
647 4125 736 4189 qui
769 4160 783 4174 .
823 4162 837 4176 .
874 4157 892 4174 .
925 4139 1018 4174 eos
1048 4138 1252 4184 versus,
1298 4124 1386 4189 qui
1422 4123 1568 4188 apud
1597 4123 1863 4173 Heius-³2⁶1·
1904 4123 1987 4174 leis
2016 4125 2235 4175 umeris
2276 4127 2443 4176 notati

212 4212 349 4271 sunt,
386 4207 539 4258 XVI
573 4209 818 4259 39—142
852 4207 996 4259 XXI
1032 4210 1280 4260 13—248
1313 4211 1567 4260 ποίων-ω
1600 4215 1689 4258 aut
1713 4211 1880 4260 eicere
1904 4215 1994 4260 ma
2025 4209 2439 4260 circutum-ibere

44 4245 47 4432 ἱ
218 4288 308 4353 (cf.
341 4292 760 4344 Lachmannum
800 4292 913 4346 ind.
949 4292 1105 4348 lectt.
1143 4292 1326 4347 Berol.
1371 4300 1513 4346 aest.
1550 4295 1683 4348 1848
1726 4311 1779 4360 p.
1818 4293 1870 4358 1)
1918 4293 2105 4361 aliqua
2149 4299 2312 4347 tenus
2349 4274 2479 4346 eit-⁶
