2917 4992
1103 319 1522 388 ..23-

209 499 398 581 primis
445 509 591 560 sunt
646 497 1012 560 nominandi
1056 497 1456 578 Euphorio
1506 505 1567 558 et
1610 497 2113 568 Parthenius,
2178 519 2432 580 quorum

208 611 515 681 utrumque
571 622 609 661 a
650 601 957 675 Luciano,
1035 600 1505 680 Euphorionem
1560 619 1599 658 a
1645 599 1969 667 Clemente
2031 602 2283 663 comites
2336 604 2431 662 illi

208 703 456 762 vidimus
503 702 768 764 additos,
837 711 901 762 et
929 700 1352 762 Artemidorus
1399 702 1706 762 onirocrit.
1749 703 1843 763 IV
1872 709 1971 766 63:
2016 698 2126 762 εἰσὶ
2168 693 2284 782 γάρ
2328 701 2431 762 καὶ

206 798 348 880 παρὰ
378 795 744 883 Λυκόφρονι
785 798 850 862 ἐν
891 803 966 884 τῇ
1002 791 1358 885 Ἀλεξάνδρᾳ
1403 798 1505 861 καὶ
1550 791 1711 883 παρὰ
1746 791 2105 886 Ἡρακλείδῃ
2147 800 2234 888 τῷ
2263 805 2430 864 Πον-

205 904 337 987 τικῷ
380 901 446 964 ἐν
502 909 632 977 ταῖς
687 900 918 983 λέσχαις
971 899 1072 962 καὶ
1117 893 1278 983 παρὰ
1324 901 1737 988 Παρθενίῳ
1782 899 1859 964 ἕν
1912 901 2284 984 ἐλεγείαις
2326 904 2429 967 καὶ

203 1001 349 1086 παρὰ
389 997 596 1078 ἄλλοις
638 1008 876 1078 πολλοῖς
922 1004 1258 1087 ἱστορίαι
1303 1001 1515 1080 ξέναι
1562 1002 1683 1066 καὶ
1727 995 2083 1084 &vocaret
2112 1003 2188 1086 ¹).

352 1111 408 1169 Ε
443 1110 664 1190 quibus
691 1110 1028 1172 Parthenio
1073 1109 1485 1190 potissimum,
1535 1110 1640 1190 qui
1681 1108 1930 1170 scholae
1958 1110 2428 1172 Alexandrinae

201 1213 376 1271 iustus
423 1221 559 1271 erat
604 1213 882 1272 alumnus
895 1209 972 1289 ²),
1021 1212 1208 1270 artius
1255 1211 1643 1290 cognationis
1690 1231 1824 1271 cnm
1870 1210 2243 1272 Callimacho
2290 1214 2425 1272 vin-

202 1315 384 1373 culum
428 1314 857 1376 intercessisse
915 1333 1042 1372 non
1098 1334 1223 1374 uno
1277 1312 1511 1373 indicio
1560 1322 1891 1374 commotus
1935 1313 2082 1372 mihi
2125 1315 2424 1394 persuasi.

199 1414 551 1476 Callimachi
597 1424 659 1475 et
701 1415 1001 1476 Partheni
1057 1415 1366 1495 exquisita
1422 1414 1609 1475 dictio
1670 1419 1967 1491 cycliorum
2010 1416 2156 1475 trita
2200 1417 2423 1475 Home-

197 1518 292 1575 rici
335 1517 640 1578 sermonis
683 1518 786 1575 via
829 1516 1251 1577 incedentium
1295 1515 1640 1576 decantatis
1685 1516 1951 1576 flosculis
1997 1537 2131 1577 cum
2173 1519 2423 1578 cavilla-

195 1620 350 1678 tione
383 1619 724 1700 opponitur
753 1639 791 1677 a
820 1617 1105 1679 Polliano
1138 1619 1308 1678 anth.
1341 1619 1413 1678 P.
1445 1617 1548 1678 XI
1578 1627 1699 1681 130.
1733 1627 1797 1678 et
1838 1620 1904 1678 in
1943 1619 2095 1699 ipsis
2126 1617 2424 1679 Partheni

196 1721 549 1799 fragmentis
603 1721 870 1799 vestigia
927 1728 1345 1799 agnoscuntur
1401 1718 1856 1780 Callimacheae
1929 1721 2223 1779 orationis
2280 1721 2427 1781 licet

195 1823 248 1881 in
300 1829 484 1882 tanta
536 1821 936 1901 reliquiarum
1003 1823 1316 1902 paucitate
1381 1841 1681 1901 perquam
1738 1820 1942 1880 exilia.
2006 1821 2085 1880 cf.
2144 1821 2423 1881 Meineki

193 1924 366 1984 anall.
411 1921 598 1982 Alex.
647 1922 728 1982 ad
773 1921 983 2007 Parth.
1030 1925 1194 2002 frgg.
1242 1929 1328 1997 24,
1376 1932 1465 1998 32,
1512 1929 1600 1996 37,
1632 1930 1719 1986 43.
1810 1923 2081 2004 denique
2126 1921 2423 1982 Partheni

195 2025 572 2086 narrationes
631 2025 954 2084 amatorias
1002 2044 1182 2104 quam
1239 2025 1501 2086 maxime
1560 2033 1710 2103 puto
1779 2045 1976 2103 genus
2032 2045 2104 2084 ac
2159 2025 2424 2084 colorem

195 2127 418 2186 referre
482 2127 689 2186 aetion
753 2133 1264 2204 argumentorum.
1368 2146 1527 2206 quae
1593 2133 1813 2184 cuncta
1872 2126 2075 2184 animo
2143 2127 2422 2187 volventi

193 2229 492 2308 simulque
537 2247 778 2301 eorum,
843 2248 1002 2308 quae
1051 2227 1130 2287 de
1172 2229 1446 2288 Homero
1496 2227 1871 2288 Callimacho
1917 2225 2252 2286 Parthenio
2301 2227 2421 2286 dis-

191 2331 531 2406 putavimus
577 2349 866 2389 summam
911 2329 1343 2389 recordatione
1403 2329 1787 2410 percurrenti
1846 2350 1973 2388 non
2030 2336 2237 2409 potest
2292 2350 2419 2388 non

191 2431 541 2491 coniectura
583 2431 788 2491 statim
832 2429 1118 2492 subnasci
1161 2429 1328 2490 lecto
1359 2431 1550 2510 Eryci
1598 2432 2065 2511 epigrammate,
2116 2431 2278 2512 quod
2326 2440 2422 2491 est

189 2534 351 2593 anth.
399 2533 475 2592 P.
522 2534 650 2594 VII
692 2539 826 2596 377:

399 2631 481 2692 Εἰ
519 2629 619 2691 καὶ
663 2623 781 2692 ὑπὸ
825 2628 1003 2711 χθονὶ
1048 2636 1267 2707 κεῖται,
1311 2623 1471 2709 ὅμως
1516 2629 1600 2691 ἔτι
1645 2629 1745 2692 καὶ
1791 2619 1954 2693 κατὰ.
1982 2631 2200 2693 πίσσαν

480 2735 588 2794 τοῦ
628 2729 1071 2814 μιαρογλῶσσου
1114 2727 1318 2812 χεύατε
1365 2733 1751 2813 Παρθενίου,

187 2973 332 3024 cuius
369 2972 742 3039 patrocinium
779 2975 974 3022 contra
1007 2970 1152 3022 hunc
1191 2971 1428 3036 suscipit
1466 2969 1665 3022 Strabo
1704 2970 2062 3037 cupidissime
2088 2972 2123 3026 l.
2154 2989 2184 3022 c
2191 3006 2417 3025 ......

186 3051 278 3118 τὰς
312 3055 428 3109 τῶν
457 3047 778 3122 Ἀθηναίων
812 3048 1145 3120 παρθένους

654 3131 1032 3206 ἄφύσσασθαι
1065 3133 1335 3206 καθαρὸν
1371 3129 1549 3205 γάνος
1578 3130 1911 3206 Ἠριδοὶνοιο

185 3263 386 3312 veteris
423 3260 660 3311 alicuius
698 3258 897 3322 cyclici
924 3275 1045 3310 esse
1072 3260 1207 3309 mihi
1243 3259 1497 3309 videntur
1520 3259 1820 3323 reputanti,
1860 3259 2051 3324 quanti
2077 3258 2275 3308 Strabo
2300 3260 2412 3310 Ho-

187 3362 384 3396 merum
420 3345 656 3410 illosque
694 3344 896 3394 fecerit
928 3348 990 3394 ut
1025 3345 1199 3394 omnis
1234 3344 1519 3395 doctrinae
1558 3347 1811 3393 auctores
1837 3347 1893 3392 et
1916 3344 2231 3408 magistros.
2280 3344 2415 3394 Mei·

185 3430 378 3481 nekius
414 3427 622 3480 vindic.
659 3428 842 3479 Strab.
880 3445 936 3494 p.
975 3428 1072 3480 134
1107 3443 1322 3480 versum
1361 3428 1598 3478 fortasse
1634 3427 1893 3493 Apolloni
1930 3442 2054 3478 esse
2092 3428 2243 3478 dicit.

315 3515 356 3578 ¹)
393 3516 480 3566 De
519 3508 712 3578 ξέναις
749 3507 1026 3578 ἱστορίαις
1062 3531 1114 3564 v.
1151 3512 1226 3564 M.
1267 3512 1630 3564 Schmidtium
1666 3511 1885 3576 Didym.
1922 3527 1977 3578 p.
2017 3514 2117 3564 356
2152 3529 2235 3579 sq.
2273 3515 2418 3566 idem

185 3601 459 3664 spinosum
512 3598 828 3648 fabularum
879 3598 1116 3649 studium
1177 3598 1234 3647 in
1281 3597 1637 3663 Euphorione
1685 3596 1908 3648 Rhiano
1962 3598 2267 3651 Parthenio
2322 3599 2416 3649 ad-

185 3684 409 3734 miratus
447 3687 532 3734 est
567 3683 852 3747 Tiberius,
892 3683 984 3748 qui
1021 3698 1049 3731 e
1089 3683 1466 3747 grammaticis
1505 3698 1771 3748 quaerere
1808 3681 2055 3746 solebat,
2093 3700 2222 3748 quae
2255 3691 2417 3734 mater

184 3769 445 3827 Hecubae,
495 3769 634 3834 quod
665 3768 858 3818 Achilli
904 3784 1081 3818 nomen
1114 3769 1252 3817 inter
1285 3768 1507 3832 virgines
1546 3768 1757 3830 fuisset,
1804 3769 1929 3832 quid
1961 3767 2171 3818 Sirenes
2204 3776 2415 3817 eantare

181 3856 276 3902 sint
327 3854 526 3903 solitae.
601 3853 672 3904 cf.
711 3851 935 3903 Sueten.
981 3852 1168 3902 Tiber.
1209 3868 1256 3902 c.
1295 3853 1376 3904 70.
1449 3851 1735 3902 simillima
1780 3855 1839 3900 et
1875 3851 2026 3901 anth.
2075 3853 2139 3902 P.
2177 3851 2257 3900 XI
2292 3854 2408 3915 321,

182 3939 210 3986 6
245 3943 303 3987 et
337 3939 435 3988 34⁷
452 3975 466 4000 ,
509 3937 544 3986 4
589 3952 712 3986 cum
761 3935 1096 3987 Callimachi
1142 3938 1420 3988 mentione
1470 3938 1782 4002 iunguntur.
1857 3935 2089 3986 eandem
2128 3935 2295 3986 etiam
2344 3936 2412 3986 ob

185 4037 431 4072 caussam
465 4020 788 4072 Hadrianus
833 4022 1188 4072 Homerum
1226 4023 1649 4083 insectatus,
1688 4020 2075 4071 Antimachum
2110 4025 2413 4071 veneratus

184 4120 302 4156 esse
352 4105 586 4156 videtur.
632 4105 710 4155 cf.
743 4107 907 4156 Dion.
940 4106 1096 4156 Cass.
1130 4108 1310 4157 LXIX
1348 4108 1396 4156 4.
1465 4106 1684 4156 odiosus
1720 4105 1992 4156 Homerus
2030 4108 2087 4154 et
2122 4103 2415 4172 Caligulae

181 4189 312 4240 fuit.
369 4190 442 4242 cf.
480 4190 631 4240 Suet.
671 4189 852 4255 Calig.
891 4207 938 4243 c.
976 4192 1088 4242 34.-

311 4273 356 4339 ²)
395 4274 481 4324 Cf.
521 4273 769 4325 Meineki
805 4273 974 4328 anall.
1011 4271 1169 4326 Alex.
1203 4292 1256 4341 p.
1295 4277 1410 4326 258.
