2917 4992
1072 291 1497 360 „85-

174 469 445 530 adhibuit
489 481 932 551 argumentum.
1019 489 1165 528 nam
1207 469 1274 528 in
1318 468 1764 548 Xenophontis
1814 469 2047 551 Cyrop.
2093 471 2187 532 IV
2230 483 2291 545 5,
2333 479 2401 536 41

171 573 414 650 legitur:
462 570 564 631 καὶ
593 564 788 651 φόβον
817 569 1159 631 ἐπιτίθεσθε
1202 570 1287 653 τῷ
1325 562 1408 646 μὴ
1449 569 1721 629 ποιοῦντι
1750 560 1823 628 τὰ
1862 565 2405 650 παραγγελλόμενα.

172 695 232 733 ac
260 675 444 736 facile
475 676 600 736 alia
631 695 881 756 quoque
910 675 1090 736 huius
1120 673 1450 734 locutionis
1485 681 1657 733 certe
1684 673 2088 734 consimilium
2119 677 2403 756 exempla

171 777 373 836 latent.
466 787 530 837 at
573 778 626 837 si
670 777 916 857 poetico
973 776 1241 836 sermoni
1297 795 1514 856 parum
1566 775 1737 834 illam
1782 777 2119 837 convenire
2164 777 2403 838 Meine-

169 877 297 938 kius
330 878 613 953 dixisset,
660 879 941 958 profecto
974 899 1104 937 non
1135 876 1530 958 obloquerer.
1592 885 1809 936 contra
1838 871 2105 936 ἔπέσεισα
2150 881 2401 959 egregie

171 980 628 1040 commendatur
673 1000 746 1040 eo
763 1025 778 1056 ,
828 979 995 1061 quod
1042 999 1177 1040 cum
1219 978 1667 1059 paraphrastae
1712 974 1934 1055 ἐπῆγον
1979 982 2251 1041 concinit
2294 982 2397 1056 ita,

170 1090 228 1140 ut
267 1083 402 1141 solo
449 1084 696 1162 poetico
746 1082 948 1142 colore
995 1080 1328 1160 discrepet.
1416 1088 1604 1160 atque
1650 1089 1717 1140 ut
1761 1079 2169 1141 confidentius
2216 1083 2401 1142 etiam

167 1184 562 1244 Meinekiano
619 1184 880 1243 invento
938 1182 1229 1243 accedam
1298 1201 1394 1242 me
1451 1191 1662 1242 movet
1715 1182 1832 1260 frg.
1890 1183 2111 1242 incerti
2169 1192 2397 1263 poetae

172 1286 322 1364 quod
369 1294 466 1345 est
509 1285 682 1365 apud
727 1285 1012 1346 Suidam:
1059 1279 1346 1343 ἕπέσειεν·
1391 1276 1827 1341 ἔπανετείνετο·

458 1389 584 1457 τοῖς
630 1376 686 1443 ‹3'
733 1382 1023 1445 ἐπέσειε
1067 1379 1347 1463 φόβον,
1396 1372 1476 1455 ὡς
1521 1372 1736 1443 αὐτίκα
1780 1377 2187 1461 τεθνήξοντος.

169 1505 326 1565 cuius
371 1506 662 1564 versiculi
707 1505 966 1564 fortisan
997 1506 1136 1584 ipse
1170 1502 1582 1564 Callimachus
1614 1512 1826 1566 auctor
1855 1505 2059 1566 fuerit.
2122 1515 2289 1567 certe
2321 1529 2399 1568 ex

170 1607 248 1666 eis
291 1607 402 1667 ille
455 1608 660 1686 poetis
721 1615 842 1681 est,
904 1606 1009 1686 qui
1051 1606 1388 1666 Homerum
1442 1606 1824 1666 aemulantes
1878 1609 2127 1668 vocales
2171 1607 2397 1670 breves

169 1718 302 1768 ante
333 1707 618 1769 xioculam
665 1697 742 1778 ὥς
786 1708 1211 1787 produxerunt
1236 1703 1284 1784 ¹)
1335 1705 1431 1784 (in
1459 1707 1605 1766 Del.
1642 1716 1741 1770 193
1782 1695 2103 1784 ἀνθέρικος
2137 1697 2265 1786 ὥς).
2335 1718 2399 1769 et

169 1830 290 1868 cum
344 1811 540 1870 forma
594 1799 984 1885 τεθνήξοντος
1040 1821 1326 1889 comparo
1386 1801 1649 1884 ἕστήξειν
1691 1809 1758 1868 in
1802 1808 2013 1890 Apoll.
2065 1820 2159 1884 15,
2228 1811 2396 1891 quod

166 1912 539 1973 Meinekium
601 1911 899 1972 immerito
961 1911 1326 1971 sollicitasse
1381 1919 1555 1991 puto.
1581 1907 1634 1987 ²)
1725 1920 1994 1971 ceterum
2048 1913 2187 1992 ipse
2251 1912 2396 1972 olim

169 2015 540 2074 conieceram
584 2008 838 2088 ἐφέηκα,
887 2034 1008 2094 quo
1054 2011 1120 2070 id
1163 2012 1548 2092 potissimum
1589 2012 1921 2072 Acontium
1968 2013 2397 2093 deplorantem

168 2115 455 2188 facerem,
518 2113 688 2195 quod
744 2117 929 2176 talem
989 2112 1320 2194 Cydippae
1376 2113 1783 2174 metuendi
1840 2134 2190 2175 caussam
2260 2135 2393 2195 pa-

167 2237 318 2278 rass
335 2225 429 2276 et.
519 2225 584 2275 at
627 2237 794 2276 nunc
836 2217 1124 2295 praefero
1169 2209 1458 2274 ἐπέσεισα.

319 2317 568 2379 Eodem
608 2318 744 2380 loco
787 2317 1118 2378 Acontium
1175 2316 1254 2377 de
1301 2316 1595 2400 Cydippe
1638 2317 1996 2393 sollicitum,
2060 2337 2141 2378 ne
2184 2317 2395 2378 Diana

169 2421 465 2480 effectrice
520 2420 587 2478 in
630 2421 798 2480 vitae
857 2419 1183 2480 discrimen
1249 2428 1515 2480 ventura
1558 2420 1665 2494 sit,
1722 2419 1833 2479 has
1896 2439 2114 2499 preces
2170 2420 2394 2482 fecisse

167 2521 558 2583 crediderim:

459 2617 685 2707 πότμον
729 2614 1013 2680 ἕλινύσειε
1056 2613 1208 2698 δύην
1255 2611 1315 2678 δ’
1363 2608 1706 2681 ἆπόθεστον
1746 2610 2012 2680 ἀλάλκοι.

166 2741 314 2800 haec
359 2743 520 2801 enim
547 2743 613 2800 in
641 2761 830 2802 unum
858 2741 1149 2801 videntur
1193 2741 1647 2820 componenda.
1716 2738 1972 2800 Suidas:
2010 2732 2392 2812 4ἐλινύοντας·

169 2826 586 2921 διατρίβονταξ.
633 2830 674 2919 ἢ
717 2839 1181 2922 ἐγχρονίζοντας..
1233 2839 1338 2901 καὶ

458 2939 685 3022 πότμον
730 2934 1050 3004 ἐλινύσειεν

293 3213 335 3278 ¹)
371 3216 437 3267 V.
472 3216 780 3266 Hermanni
838 3213 1008 3281 Orph.
1052 3231 1107 3280 p.
1145 3215 1245 3265 700
1283 3213 1354 3263 ad
1399 3212 1633 3263 Theocr.
1670 3213 1825 3262 XXV
1860 3216 1957 3264 201
1997 3217 2054 3263 et
2096 3229 2148 3278 p.
2186 3215 2287 3264 704
2324 3213 2395 3264 ad

169 3299 408 3366 Apollon.
445 3300 474 3350 I
512 3301 642 3352 1297
689 3305 744 3350 et
779 3301 858 3350 IV
894 3301 1043 3352 1145.
1093 3299 1160 3348 de
1207 3299 1455 3350 brevium
1510 3297 1848 3362 syllabarum
1892 3298 1953 3347 in
2000 3301 2392 3348 consonantem

173 3385 471 3434 exeuntium
516 3383 876 3450 productione
924 3400 958 3434 a
1003 3383 1346 3434 Callimacho
1397 3381 1651 3434 adhibita
1694 3381 1770 3432 cf.
1818 3381 2061 3434 Meinek.
2109 3382 2271 3434 distr.
2323 3383 2395 3435 ad

174 3465 380 3522 Gallim.
416 3469 476 3518 in
513 3467 634 3522 Cer.
670 3471 752 3519 22.

292 3570 332 3632 ²)
368 3571 602 3636 Legitur
635 3565 730 3620 ille
765 3585 958 3621 versus
993 3585 1102 3620 non
1139 3569 1314 3620 solum
1347 3569 1495 3620 binis
1520 3568 1830 3620 anecdoton
1856 3568 2105 3632 Crameri
2127 3567 2229 3620 Ox.
2254 3569 2395 3622 locis

174 3669 295 3716 quos
326 3654 644 3706 Meinekius
689 3657 938 3718 notavit,
985 3655 1084 3706 sed
1119 3655 1287 3708 etiam
1326 3659 1491 3719 etym.
1531 3655 1667 3707 Gud.
1704 3670 1748 3705 s.
1784 3672 1839 3706 v.
1877 3647 2161 3720 εἱστήκειν
2206 3671 2258 3720 p.
2297 3655 2395 3714 173

299 3731 358 3803 ἐξ
397 3725 466 3790 οὗ
502 3737 602 3790 καὶ
639 3729 850 3804 ἑστήξω
886 3729 916 3789 ὁ
953 3733 1194 3804 μέλλων,
1231 3735 1332 3790 καὶ
1369 3729 1399 3789 ὁ
1436 3734 1702 3804 ποιητής·
1744 3728 2001 3804 ἕστήξειν
2029 3731 2093 3788 δὲ
2117 3729 2179 3790 τὸ
2206 3739 2394 3803 τεῖχος

175 3812 263 3872 ἔπ’
290 3813 582 3889 ἀρχαίοισι
619 3823 934 3889 θεμελίοις.
1006 3823 1144 3874 illud
1181 3822 1477 3888 θεμελίοις
1510 3822 1739 3874 videtur·
1767 3824 1835 3873 ad
1882 3821 2257 3888 θεμείλοις
2300 3838 2393 3873 ra—

171 3908 357 3960 riorem
381 3924 573 3960 vocem
598 3908 818 3961 ducere.
864 3909 1180 3972 Hesychius
1216 3903 1485 3974 θέμειλα·
1514 3902 1776 3971 θεμέλια.
1826 3910 1881 3957 et
1906 3906 2249 3957 Callimacho
2278 3907 2389 3972 epi—

175 3994 550 4057 grammatarii·
577 4007 791 4058 quoque
829 4009 952 4044 eam
987 4009 1182 4044 vocem
1208 3994 1409 4044 debere
1434 3993 1707 4043 videntur.
1746 3992 1819 4041 cf.
1850 3992 2000 4041 anth.
2028 3993 2093 4044 P.
2120 4007 2246 4056 app.
2271 3993 2389 4054 270,

174 4077 216 4137 3,
251 4077 322 4128 IX
345 4079 461 4136 549,
501 4079 551 4140 1,
587 4079 716 4128 XIV
753 4078 866 4140 115,
909 4079 936 4128 1
977 4083 1032 4128 et
1067 4077 1300 4128 Paulum
1335 4076 1714 4128 Silentiarium
1743 4074 2076 4134 Callimachi
2113 4074 2389 4124 aemulum

172 4158 417 4212 lectorem
455 4161 630 4214 deser.
667 4161 721 4212 S.
760 4160 926 4228 Soph.
965 4178 1015 4217 v.
1055 4164 1184 4228 186,
1223 4163 1347 4226 189,
1387 4161 1507 4212 275.
1580 4165 1823 4210 ceterum
1858 4153 2133 4224 θέμειλον
2172 4164 2229 4224 et
2266 4159 2392 4211 Cal-

174 4240 272 4296 lim.
307 4247 366 4296 in
387 4246 557 4297 Dian.
583 4247 683 4297 248
720 4247 1135 4297 commendatur
1169 4246 1373 4298 Veneti
1410 4249 1466 4296 et
1500 4245 1666 4314 Regii
1702 4245 1989 4310 (Parisini)
2034 4245 2393 4306 auctoritate.

2422 2634 2527 2676 xlv
