2917 4992
1109 337 1529 406 ...91—

505 525 592 577 ier
631 520 770 575 mihi
807 521 920 575 iam
955 520 1174 575 veniens
1207 519 1431 592 positas
1465 517 1915 592 Hymenaeus
1956 519 2035 574 ad
2076 531 2215 572 aras

604 621 753 694 fuyit
794 625 850 677 et
893 636 924 676 e
967 621 1200 676 thalami
1238 622 1420 676 limine
1463 625 1619 694 terya
1662 620 1840 688 dedit,

507 725 712 796 vimque
753 739 923 778 manu
955 725 1128 796 pi9ra
1171 738 1222 779 e.
1267 739 1319 795 q.
1366 737 1414 776 s,

200 860 280 898 en
335 859 502 919 quae
557 839 871 918 sophistae
924 839 1450 898 halucinationum
1506 857 1749 898 suarum
1793 859 2007 899 ansam
2052 839 2302 901 dedisse
2346 841 2437 900 vi-

201 941 488 1000 deantur.
579 959 722 999 nam
764 941 818 1000 si
864 941 1083 1000 eodem
1125 941 1378 1000 artificio
1423 961 1553 1000 non
1596 941 1775 1000 nimis
1820 951 2081 1002 venusto
2126 944 2249 1002 iam
2298 942 2437 1004 cal-

197 1044 500 1102 limachus
540 1063 685 1102 usus
731 1051 838 1116 est,
889 1062 1070 1122 quam
1114 1043 1299 1102 valde
1341 1041 1727 1122 probabilem
1765 1041 1971 1102 iudico
2004 1045 2435 1123 suspitionem,

199 1145 638 1204 Aristaenetus
683 1143 788 1204 vel
829 1145 1154 1203 temerario
1201 1143 1552 1204 cumulandi
1597 1142 1800 1203 studio
1836 1143 2131 1223 abreptus
2174 1145 2281 1204 vel
2314 1165 2435 1224 quo

195 1247 400 1305 locum
445 1253 698 1324 pararet
739 1265 1046 1326 purpureo
1088 1245 1182 1305 illi
1225 1265 1471 1324 panno,
1531 1244 1667 1306 dico
1708 1246 2161 1307 Philostrateae
2205 1246 2433 1326 phrasi,

200 1348 785 1426 epithalamium
838 1347 1084 1408 videtur
1143 1347 1421 1408 effecisse
1480 1367 1559 1407 ex
1602 1347 2052 1427 Hymenaeo
2102 1346 2437 1428 Cydippae

196 1450 768 1528 appropinquante.
857 1455 920 1508 et
964 1447 1278 1509 commode
1335 1447 1587 1523 accidit,
1660 1449 1825 1528 quod
1868 1451 2125 1510 Nonni
2186 1449 2436 1529 quidam

193 1571 416 1610 versus
439 1559 657 1610 extant
671 1549 1000 1611 Ovidianis
1023 1551 1099 1611 ab
1124 1553 1439 1610 sententia
1459 1551 1825 1630 persimiles,
1848 1553 2038 1612 Dion.
2054 1553 2183 1613 VII
2204 1560 2273 1614 52
2296 1571 2435 1632 sqq.

1622 1655 1771 1726 ἄλλα
1812 1665 1916 1727 καὶ
1958 1656 2135 1740 αὐτὸς

505 1762 838 1846 νυμφιδιὴν
883 1761 1194 1848 ἀχόρευτος
1221 1761 1412 1848 ’Ἐρως
1453 1761 1797 1829 ἀπεσείσατο
1840 1762 2072 1846 πεύκην

508 1871 892 1950 τερπωλῆς
935 1869 1335 1950 χατέοντας
1379 1859 1763 1932 ὀπιπεύων
1804 1861 2229 1950 ὑμεναίους.

199 1993 281 2052 cf.
330 1991 548 2052 Bionis
595 1993 742 2070 epit.
785 1990 997 2060 Adon..
1042 1999 1107 2054 87
1156 2012 1250 2071 sq.

507 2106 706 2186 ἔσβεσε
752 2103 1030 2186 λαμπάδα
1072 2109 1268 2168 πᾶσαν
1313 2105 1408 2168 ἐπὶ
1453 2113 1655 2185 φλιαῖς
1693 2099 1998 2186 Ὑμέναιος

505 2205 607 2268 καὶ
653 2206 860 2285 στέφος
907 2206 1238 2283 ἕξεκέδασσε
1282 2205 1575 2290 γαμήλιον
1621 2232 1676 2273 e.
1724 2233 1784 2293 q.
1831 2233 1881 2272 s.

199 2339 390 2410 atque
436 2338 619 2408 auget
671 2331 1062 2390 coniecturae
1117 2331 1330 2404 fidem,
1391 2331 1559 2412 quod
1618 2332 1685 2391 in
1742 2329 1961 2391 eadem
2018 2330 2435 2410 descriptione

200 2433 383 2511 plura
429 2431 688 2492 Ovidius
733 2431 951 2506 habet,
1012 2453 1171 2513 quae
1220 2429 1493 2494 Graecus
1540 2442 1749 2494 auctor
1797 2433 2089 2496 obtulisse
2133 2433 2435 2493 videatur.

201 2554 347 2593 nam
390 2553 523 2593 cum
564 2551 749 2593 versu
797 2539 898 2595 172

607 2659 660 2710 et
693 2654 831 2728 face
862 2673 979 2728 pro
1023 2657 1255 2712 thalami
1291 2655 1406 2730 fax
1447 2657 1583 2712 mihi
1622 2657 1817 2712 mortis
1860 2657 2017 2712 adest

205 2771 490 2850 congruit
531 2771 752 2850 plane,
813 2772 934 2831 nisi
981 2772 1149 2851 quod
1191 2773 1435 2850 figurati
1481 2773 1780 2831 sermonis
1827 2779 2047 2830 ornatu
2092 2778 2275 2831 exuta
2321 2779 2431 2845 est,

203 2873 588 2934 Aristaeneti
645 2875 984 2934 sententia:
1043 2869 1146 2931 καὶ
1200 2864 1346 2951 πρὸς
1403 2863 1669 2949 ἐκφορὰν
1722 2863 1854 2930 ἀντὶ
1911 2871 2336 2951 νυμφαγωγίας
2379 2871 2445 2930 οἷ

204 2965 470 3044 τεκόντες
515 2966 742 3054 ἐώρων.
817 2994 1073 3034 acumen
1106 2984 1308 3036 autem
1336 2974 1491 3036 illud
1524 2975 1850 3035 admodum
1880 2995 1995 3036 usu
2025 2985 2118 3036 est
2147 2976 2435 3057 frequen-

203 3085 412 3136 tatum.
482 3097 560 3136 ex
606 3077 848 3138 eroticis
893 3078 1196 3137 nonnulla
1226 3077 1602 3138 adnotarunt
1630 3079 2002 3157 interpretes
2031 3077 2435 3154 Arist-acueti,

208 3177 426 3259 quibus
472 3178 638 3238 addo
683 3179 984 3238 Erinnam
1029 3180 1198 3239 anth.
1246 3179 1318 3239 P.
1354 3181 1480 3240 VII
1521 3187 1645 3254 712,
1690 3180 2071 3257 Meleagrum
2113 3179 2265 3238 ibid.
2316 3189 2432 3254 182,

202 3280 542 3341 Antonium
585 3281 874 3340 Thallum
917 3280 1048 3341 ibid
1095 3289 1231 3355 188,
1277 3283 1595 3340 Musaeum
1641 3281 1719 3341 de
1762 3281 1915 3340 Her.
1960 3288 2093 3353 308,
2143 3276 2437 3340 Ovidium

205 3403 306 3462 ep.
349 3383 418 3442 II
467 3391 596 3456 120,
645 3382 785 3442 fast.
833 3383 900 3441 II
945 3390 1064 3457 561,
1111 3385 1502 3463 Propertium
1546 3384 1605 3444 V
1647 3392 1698 3456 3,
1750 3389 1815 3442 13
1861 3401 1952 3462 sq.
2043 3381 2314 3462 denique
2362 3401 2437 3442 ea

209 3485 423 3558 etiam,
493 3503 654 3564 quae
699 3503 758 3542 v.
808 3492 911 3547 170
955 3505 1049 3564 sq.
1096 3485 1520 3558 continentur,
1572 3483 2052 3545 Callimacheum
2095 3484 2229 3544 fere
2275 3485 2436 3545 colo-

205 3605 335 3645 rem
378 3583 674 3645 referunt.

372 3685 709 3768 Postquam
750 3689 936 3766 igitur
980 3695 1269 3768 parentes
1314 3689 1436 3746 iam
1481 3688 1665 3748 funus
1709 3690 1909 3770 potius
1958 3708 2142 3767 quam
2186 3688 2446 3767 nuptias·

203 3788 549 3867 cogitantes
605 3797 892 3869 suscepta
946 3788 1302 3849 abiecerunt
1345 3791 1695 3864 sollemnia,
1765 3789 1845 3849 de
1899 3790 2230 3868 improviso
2289 3807 2433 3846 con-

201 3890 464 3950 valescit
495 3889 809 3970 Oydippa.
869 3892 1211 3970 iterumque
1256 3891 1561 3950 thalamus
1608 3889 2025 3970 apparabatur
2057 3885 2429 3968 (ἐκοσμεῖτο),

204 3991 273 4052 id
331 4000 427 4051 est
480 3993 546 4050 in
605 4011 824 4051 recens
885 4001 1160 4052 extructo
1214 3993 1484 4053 thalamo
1514 3990 1562 4070 ¹)
1621 3993 1883 4072 genialis
1937 4000 2103 4052 torus
2172 3989 2432 4050 adorna-

200 4093 403 4152 batur.
488 4093 824 4172 Antipater
869 4095 1037 4155 anth.
1083 4097 1156 4154 P.
1203 4097 1332 4157 VII
1375 4103 1499 4168 711,
1553 4105 1575 4155 1
1611 4114 1703 4173 sq.

345 4291 386 4356 ¹)
419 4295 482 4344 In
517 4295 839 4347 Theocritei
875 4296 1200 4362 epithalami
1239 4295 1333 4362 (id.
1370 4273 1591 4364 XV111)'
1614 4295 1803 4349 initio:
