2917 4992
1387 316 1813 382 ..43-

653 495 761 552 Die
813 493 1087 550 Heimath
1140 493 1246 550 der
1298 493 1572 567 Kydippe
1612 495 1689 550 ist
1738 494 1899 550 nieht
1938 494 2282 568 anyeqeben.
2372 496 2541 554 Denn
2584 497 2749 554 dass·

483 597 650 654 nicht·
683 604 831 655 etma
875 596 1027 654 auch
1079 597 1162 652 sie
1219 611 1328 653 aas
1368 595 1527 653 Keos
1568 613 1722 665 war,
1769 598 2110 670 meniystens
2152 597 2305 654 nach
2352 597 2523 656 Ovids
2564 599 2743 656 Dar-

483 701 730 773 stellunq
757 699 915 756 nicht
933 741 949 767 ,
980 698 1088 755 das
1115 697 1390 755 bemeisen
1419 698 1511 755 die
1536 698 1723 772 yleich
1752 696 2274 770 anzut‘uehrenden
2318 699 2511 768 Ver-se,
2541 703 2746 758 morin

485 801 758 860 Akontios
797 801 894 857 ihr
932 803 1058 857 sein
1103 798 1420 857 Vaterland
1458 806 1688 858 nennet.
1760 799 2046 858 Indessen-
2084 801 2261 857 laessi
2306 800 2449 859 Θυῖα
2488 803 2570 859 sie
2622 819 2747 860 von

483 905 647 960 ihrer
678 902 955 976 Seet‘ahrt
981 902 1132 959 nach
1163 902 1336 961 Delos
1363 902 1706 964 erzaehlene
1750 919 1867 960 nar
1894 904 2035 959 dass
2064 917 2132 958 er
2161 905 2261 958 mit
2290 905 2452 960 einer
2475 902 2609 976 fast
2642 907 2744 960 ein

485 1006 668 1079 meniy
711 1022 785 1062 zu
821 1003 1152 1078 poetischen
1181 1004 1444 1062 Freiheit
1486 1005 1575 1062 die
1604 1005 1779 1078 Foloe
1819 1005 1924 1062 der
1952 1003 2149 1062 Inseln
2164 1049 2180 1078 ,
2227 1021 2429 1062 moran
2466 1008 2550 1062 sie
2598 1023 2743 1062 vor-

448 1124 456 1130 ·
485 1107 736 1182 baisam,
778 1107 995 1182 qerade
1039 1105 1308 1164 umkehrt
1353 1101 1548 1184 [XXI
1588 1110 1653 1165 81
1701 1099 1854 1184 sq.]:

791 1250 848 1301 et
887 1245 1003 1303 iam
1048 1245 1396 1299 transieram
1426 1241 1717 1315 Myconon
1759 1243 1875 1300 iam
1912 1241 2105 1299 Tenon
2146 1249 2205 1300 et
2230 1241 2503 1311 Andron,

893 1347 1066 1418 inque
1110 1347 1250 1402 meis
1293 1345 1471 1402 oculis
1512 1345 1763 1401 candida
1805 1343 1981 1402 Delos
2022 1350 2170 1401 erat.

486 1482 612 1538 Das
653 1483 730 1538 ist
783 1482 1002 1554 yerade
1045 1482 1137 1538 die
1158 1481 1502 1555 “Richtunffi
1554 1482 1622 1537 ‘in
1664 1481 1771 1537 der
1813 1497 1949 1538 man
2000 1480 2167 1538 Delos
2208 1483 2519 1549 verlaesstx:
2574 1481 2741 1538 denn

487 1582 774 1656 Mykonos
816 1584 994 1640 laesst
1033 1583 1157 1640 sich
1199 1586 1260 1640 in
1304 1583 1479 1641 Delos
1516 1582 1645 1656 fast
1685 1585 1786 1642 mit
1830 1583 1937 1642 der
1979 1582 2164 1640 Hand
2205 1584 2506 1657 ablanyen.
2574 1584 2743 1640 Aber

488 1686 596 1742 das
645 1687 720 1742 ist
771 1685 890 1759 aas
921 1686 1107 1760 jeden
1150 1686 1287 1742 Fan
1339 1685 1503 1752 Mar,
1560 1686 1699 1742 dass
1753 1687 1845 1744 die
1888 1684 2070 1742 Reihe
2125 1687 2232 1742 der
2274 1684 2476 1741 Inseln
2518 1687 2578 1741 in
2627 1687 2744 1742 der

488 1787 781 1860 Richtuny
810 1789 969 1861 Περὶ,
1015 1789 1074 1844 in
1103 1788 1350 1845 mele-her
1377 1787 1654 1860 Kydippe
1697 1786 1849 1844 nach
1878 1787 2051 1844 Delos
2092 1785 2247 1844 kam.
2307 1787 2445 1843 Nun
2470 1785 2744 1860 fuekren

489 1890 630 1946 aber
673 1891 765 1946 die
792 1888 993 1946 Inseln
1021 1891 1192 1946 selbst
1229 1890 1449 1963 yerade
1478 1888 1631 1946 nach
1661 1888 1767 1945 der
1797 1888 2135 1960 Suedspitze
2165 1905 2271 1946 von
2300 1889 2551 1957 Euboea,
2578 1887 2743 1962 folq-

489 1991 603 2048 lich
634 1992 724 2047 die
761 1991 1218 2048 Wasserstrasse
1245 1991 1420 2048 innen
1440 2008 1553 2048 zur
1577 1989 1799 2048 Linlcen
1829 1990 2147 2049 zunaechst
2174 1991 2326 2048 nach
2349 1989 2578 2051 Attika‚·
2612 1977 2751 2048 und

450 2087 468 2100 ‘
491 2092 644 2149 links
686 2094 1025 2166 einyeboyen
1070 2093 1145 2150 ist
1187 2108 1247 2150 es
1276 2094 1382 2150 der
1407 2093 1825 2168 yemoehnliche
1870 2093 2011 2168 Weq
2038 2110 2147 2150 von
2175 2093 2349 2150 Delos
2379 2110 2457 2150 an
2488 2092 2742 2150 Sunium

489 2197 684 2252 vorbei
735 2194 887 2252 nach
937 2195 1188 2253 Athen.
1283 2213 1539 2274 quorum
1602 2193 1788 2254 fidem
1843 2215 1971 2254 non
2026 2192 2330 2253 imminuit
2396 2192 2741 2261 auctoritas

486 2295 706 2354 Loersi
751 2293 942 2354 Ovidi
1002 2295 1400 2375 epistularum
1460 2296 1745 2369 editori8‚
1806 2297 1909 2377 qui
1952 2297 2019 2354 in
2066 2295 2471 2356 adnotatione
2516 2294 2601 2353 ad
2648 2295 2740 2353 lo·

489 2415 623 2454 eum
676 2394 849 2455 illum
910 2394 1099 2456 Ovidi
1155 2396 1509 2478 obloquitur
1565 2417 1647 2457 ne
1702 2418 1829 2458 una
1887 2397 2140 2478 quidem
2194 2417 2411 2457 caussa
2464 2395 2740 2456 adiecta.

492 2497 641 2577 quin
689 2497 874 2558 etiam
902 2497 1020 2557 hoe
1049 2497 1278 2578 ipsum,
1327 2519 1432 2559 cur
1473 2495 1901 2561 subdiffideres
1932 2501 2454 2559 Buttmannianae
2483 2499 2739 2571 rationi,

490 2597 556 2658 id
597 2600 663 2658 in
697 2597 926 2660 Ovidio
975 2608 1170 2674 certe,
1219 2599 1299 2660 ad
1347 2603 1516 2661 cuius
1564 2601 1911 2681 exemplum
1950 2602 2105 2662 haec
2138 2602 2404 2681 epistula
2448 2609 2741 2660 accurate

489 2702 832 2781 composita
899 2712 1028 2778 est,
1091 2722 1172 2763 ne
1238 2704 1487 2782 insigne
1552 2701 1804 2784 quidem
1831 2696 2243 2764 'habendum.
2332 2702 2494 2761 hune
2562 2703 2738 2762 enim

491 2804 740 2863 omnino
787 2803 1114 2864 observavi
1158 2804 1322 2864 haud
1370 2807 1558 2866 anxie
1590 2806 2011 2886 geographiae
2042 2824 2256 2866 curare
2285 2805 2613 2864 veritatem
2661 2806 2727 2862 in

492 2906 927 2984 percensenda
971 2907 1242 2966 locorum
1273 2909 1719 2990 regionumque
1765 2909 1946 2970 serie.
2007 2909 2200 2968 veluti
2228 2906 2541 2967 Arethusa
2569 2906 2731 2966 talia

488 3014 700 3066 narrat
741 3016 886 3066 met.
945 3007 1024 3068 V.
1072 3014 1209 3070 607:

559 3219 568 3226 ἡ
659 3159 843 3218 usqae
884 3147 990 3203 sab
1039 3145 1541 3204 Orchomenon
1586 3147 2102 3221 Psophidaque
2148 3111 2653 3221 Cyllenenqae

660 3244 1093 3322 Maenaliosque
1135 3251 1297 3341 sinus
1335 3250 1697 3324 yelidumque
1742 3249 2149 3324 Erymanthon
2192 3255 2249 3306 et
2292 3249 2430 3307 Elin

659 3365 903 3408 currere
947 3352 1210 3409 sustinui.

492 3478 712 3560 quibus
767 3482 1004 3543 urbium
1057 3486 1479 3567 montiumque
1540 3484 1889 3545 nominibus
1946 3483 2094 3544 vide
2148 3484 2295 3544 mihi
2354 3502 2537 3565 quam
2578 3485 2739 3543 mire

488 3583 763 3662 implexa
808 3593 870 3644 et
928 3586 1242 3666 implicata
1283 3588 1456 3647 linea
1500 3595 1769 3648 notetur.
1858 3601 2013 3647 nam‘
2048 3607 2182 3647 eum
2241 3594 2450 3646 cetera
2494 3591 2738 3665 pertur-

487 3684 632 3745 bate
677 3705 750 3744 ac
793 3687 930 3746 sine
971 3687 1196 3748 'ordine
1225 3688 1329 3749 vel
1372 3691 1584 3750 iuncta
1612 3691 1737 3750 sint
1768 3691 2234 3750 enumeratione
2266 3689 2372 3748 vel
2404 3687 2736 3761 disiuncta,

486 3787 606 3847 hoc
649 3788 911 3848 maxime
959 3797 1054 3850 est
1097 3789 1405 3865 notabile,
1456 3790 1771 3872 Cyllenen
1818 3813 1891 3852 ac
1931 3792 2277 3854 Maenalios
2322 3790 2495 3850 sinus
2539 3789 2736 3849 inter-

490 3889 643 3968 poni
673 3889 997 3969 Psophida
1038 3891 1203 3952 inter
1248 3901 1310 3953 et
1337 3893 1820 3972 Erymanthum‚
1873 3894 2121 3975 quando
2170 3891 2421 3973 quidem
2461 3891 2739 3971 Psophis

485 3990 630 4051 urbs
674 3991 740 4050 in
784 3991 937 4072 ipsis
983 3992 1289 4054 radicibus
1319 3994 1692 4074 Erymanthi
1734 3997 1854 4056 sita
1886 4005 2011 4069 est,
2062 3993 2331 4074 Cyllene
2377 4012 2524 4052 vero
2556 3991 2735 4052 item·

488 4110 608 4170 que
636 4091 911 4153 Maenali
953 4094 1125 4155 sinus
1168 4115 1392 4175 magno
1436 4097 1588 4158 inde
1632 4106 1929 4160 terrarum
1957 4097 2157 4176 spatio
2193 4092 2739 4172 discernuntur-¹).

625 4273 669 4338 ¹)
709 4275 829 4334 Non
863 4276 1276 4330 inobservatum
1311 4279 1418 4332 hoe
1441 4281 1707 4347 Hauptio,
1749 4282 1843 4347 qui
1866 4281 2007 4332 haec
2034 4279 2346 4334 adnotavit:
2384 4277 2453 4327 In
2476 4277 2574 4327 der
2598 4277 2739 4341 Auf-
