2917 4992
1363 339 1786 403 -33-.

459 515 774 573 nominum
818 513 1206 592 propriorum
1235 513 1581 592 veriloquia
1609 515 1812 593 poetis
1844 513 2117 574 debeant
2136 511 2211 592 ¹).
2259 523 2321 574 et
2350 523 2417 574 ut
2446 517 2715 576 veniam

461 615 541 674 ad
587 614 1082 688 Alexandrinos,
1145 634 1297 695 quos
1353 615 1763 675 feracissimos
1807 615 1997 675 fuisse
2052 616 2266 676 horum
2311 619 2717 678 artificiorum

461 715 716 777 credere
761 737 876 796 par
921 726 1044 790 est,
1103 718 1366 796 paucula
1420 717 1539 776 hoc
1592 737 1789 794 genus
1834 715 2141 796 praebent
2184 719 2501 796 Euphorio
2550 719 2717 798 (frg.

460 827 546 893 56,
595 826 682 892 66,
732 827 834 882 108
877 819 1070 878 Mein.
1118 816 1333 896 anall.)
1393 827 1454 878 et
1498 819 1863 878 Theocritus
1911 817 2164 897 (XXVI
2206 828 2275 883 26
2320 819 2401 879 de
2430 819 2719 880 Penthei

462 921 740 994 nomine,
805 919 970 1000 quod
1016 921 1260 981 invenit
1303 921 1567 981 fortasse
1614 920 1955 981 Chaeremo
2003 921 2119 1000 frg.
2165 929 2197 984 7
2245 929 2431 1002 atque
2475 922 2719 982 imitati

462 1032 604 1102 post
646 1021 1041 1081 Theocritum
1083 1031 1228 1082 sunt
1273 1021 1601 1102 Oppianus
1647 1043 1787 1103 cyn.
1831 1023 1925 1085 IV
1968 1032 2071 1086 305
2116 1031 2177 1083 et
2218 1023 2478 1085 Nonnus
2507 1024 2713 1084 Dion.

461 1126 518 1185 V
562 1135 684 1199 555,
731 1124 828 1185 cll.
874 1125 1090 1186 XLVI
1128 1132 1200 1188 73
1228 1145 1322 1204 sq.
1369 1125 1446 1184 cf.
1496 1125 1679 1184 etiam
1723 1124 1985 1197 Theocr.
2031 1125 2255 1190 V1199
2282 1123 2425 1208 sq.).
2480 1125 2717 1207 quibus

462 1225 764 1305 subiungo
811 1234 1059 1305 poetam
1104 1234 1290 1306 etym.
1336 1247 1414 1285 m.
1462 1247 1524 1306 p.
1570 1235 1669 1300 94,
1715 1234 1815 1287 42:
1867 1215 2272 1303 Ἀμφιτρύων·
2331 1216 2363 1285 ὁ
2407 1227 2719 1304 περισσῶς

461 1323 718 1403 τρωθεὶς
773 1323 873 1386 καὶ
934 1325 1257 1402 πουηθείς,
1320 1317 1353 1385 ὁ
1397 1317 1587 1404 ἥρως·
1620 1319 1806 1403 παρὰ
1846 1316 1913 1385 τὰ
1968 1319 2186 1407 τρύος
2242 1317 2276 1386 ’ὅ
2320 1323 2440 1386 ἔστι
2482 1322 2714 1400 πόνος·

461 1419 594 1484 οἷον
638 1423 740 1486 καὶ

1512 1501 1665 1572 πολὺ
1707 1506 1884 1591 τρύος
1927 1502 2145 1589 ἤλασεν
2189 1509 2299 1586 ἔξω

465 1664 630 1744 quod
676 1664 791 1744 frg.
840 1687 967 1725 non
1012 1666 1187 1725 verbi
1231 1655 1407 1742 τρύος
1452 1686 1669 1726 caussa
1712 1666 1993 1740 allatum,
2052 1667 2165 1726 sed
2214 1687 2333 1748 quo
2390 1667 2717 1746 Amphi-

460 1775 636 1846 tryo
655 1767 770 1826 nis
801 1767 1068 1826 nominis
1102 1769 1479 1847 etymologia
1509 1769 2023 1847 comprobaretur.
2056 1769 2367 1829 Prellerus
2392 1789 2482 1846 gr.
2506 1769 2714 1848 myth.

463 1867 530 1926 II
575 1889 637 1946 p.
690 1874 786 1930 177
834 1889 895 1926 n.
942 1878 1006 1931 3:
1067 1857 1448 1946 Ἀμφιτρύων
1494 1889 1597 1928 von
1653 1860 1811 1945 τρύω
1852 1873 1940 1927 ich
1985 1874 2213 1928 ermitde
2254 1874 2373 1929 und
2411 1875 2533 1929 dem
2578 1889 2715 1928 ver-

461 1970 804 2026 stc'irkenden
845 1958 1022 2043 ἆμφί,
1083 1975 1202 2030 also
1246 1975 1349 2029 der
1389 1991 1540 2046 yanz
1581 1973 1941 2030 Ermitdende
1985 1990 2038 2030 e.
2087 1990 2147 2051 q.
2194 1991 2242 2030 0.
2268 1967 2343 2050 2).
2435 1971 2604 2051 quod
2656 1974 2716 2031 si

463 2071 551 2129 ita
598 2079 718 2143 est,
765 2070 944 2130 vides
989 2070 1153 2131 bene
1197 2093 1327 2132 rem
1371 2093 1543 2132 suam
1588 2071 2050 2132 administrasse
2094 2081 2343 2151 poetam
2382 2073 2717 2148 incertum,

467 2191 648 2251 quem
695 2191 809 2250 ego
856 2174 1097 2233 confido
1143 2173 1335 2234 fuisse
1379 2175 1792 2234 Philotam.
1875 2193 2020 2232 nam
2066 2194 2099 2234 e
2146 2167 2427 2254 corrupto
2473 2168 2720 2248 φυλάσ-

463 2288 656 2347 σεται,
716 2273 881 2354 quod
926 2276 993 2334 in
1041 2278 1451 2407 etymologica)
1498 2275 1651 2335 illud
1698 2276 1813 2353 frg.
1862 2276 2119 2355 excipit,
2181 2277 2271 2336 nil
2315 2275 2484 2336 aliud
2532 2295 2716 2350 01110,

357 2410 372 2419 ·
403 2441 416 2443 -
466 2392 726 2451 conlatis
771 2393 956 2451 variis
1001 2395 1316 2473 scripturis
1361 2416 1470 2469 φυ,
1516 2396 1659 2469 mvl,
1703 2381 1886 2467 φυλᾶ,
1920 2413 2054 2454 011111
2086 2393 2306 2454 eodem
2337 2395 2719 2474 compendio

469 2493 734 2568 Φιλητᾶς
764 2493 1123 2572 scripserint
1152 2495 1404 2556 librarii.
1453 2497 1531 2556 cf.
1563 2496 1738 2556 Basti
1770 2504 2094 2555 comment.
2139 2497 2455 2575 palaeogr.
2488 2517 2550 2575 p.
2578 2505 2718 2558 848.

637 2611 762 2671 Sed
819 2613 1088 2694 aliquam
1120 2616 1330 2694 *multa
1395 2613 1585 2674 habet
1640 2614 1793 2674 talia
1852 2613 2261 2674 Callimachus
2286 2609 2361 2690 3).
2451 2621 2717 2693 praeter

469 2735 543 2773 ea
589 2716 777 2790 enim,
829 2736 988 2795 quae
1033 2715 1362 2776 Lerschius
1407 2717 1642 2790 attulit,
1689 2716 1809 2774 huc
1854 2716 2003 2774 facit
2045 2716 2110 2774 in
2155 2716 2299 2774 Del.
2345 2725 2412 2777 51
2457 2735 2596 2794 sqq.
2654 2725 2723 2775 et

469 2816 736 2896 quodam
764 2816 946 2877 modo
975 2817 1042 2876 in
1072 2819 1258 2877 Dian.
1290 2825 1394 2878 204
1427 2817 1531 2896 (cf.
1564 2816 1907 2877 Prellerum
1936 2837 2025 2896 gr.
2060 2816 2253 2896 myth.
2278 2817 2312 2876 Ι
2341 2835 2405 2896 p.
2436 2823 2539 2879 229
2557 2813 2716 2896 sq.).

469 2926 532 2975 at
575 2919 762 2977 multo
821 2919 1164 2996 insigniora
1217 2919 1374 2994 haec
1418 2928 1590 2978 sunt:
1662 2927 1849 2998 etym.
1894 2939 1973 2978 m.
2020 2941 2081 2998 p.
2128 2925 2250 2992 319,
2297 2925 2401 2981 43:
2453 2907 2717 2992 Ἑκάλη·

468 3007 505 3092 ἡ
550 3007 766 3096 ἡρωΐς·
813 3017 894 3090 εἰς
924 3011 1000 3095 ἣν
1029 3014 1132 3077 καὶ
1161 3017 1386 3095 ποίημα
1416 3017 1642 3096 ἔγραψε
1672 3017 2069 3096 Καλλίμαχος·
2115 3009 2153 3096 ἡ
2199 3007 2384 3095 πρὸς
2430 3007 2721 3094 ἑαυτὴν

468 3109 752 3190 πάντας
805 3120 1141 3179 καλοῦσα
1200 3141 1254 3182 0.
1303 3142 1363 3202 q.
1409 3117 1536 3200 s.4)
1588 3121 1694 3201 (cf.
1742 3122 1934 3196 Suid„
2000 3131 2185 3202 etym.
2235 3120 2399 3182 Gud.
2448 3129 2510 3180 et
2556 3119 2719 3180 Gra-

610 3338 650 3404 ¹)
686 3341 773 3390 Ea
809 3340 875 3389 de
913 3356 972 3390 re
1010 3340 1103 3405 qui
1139 3340 1446 3406 generatim
1482 3340 1857 3390 disseruerunt
1887 3340 2147 3390 invenies
2183 3339 2386 3389 citatos
2413 3339 2483 3388 ab
2507 3339 2721 3390 Iahnio

469 3424 756 3477 Palamed.
794 3441 846 3489 p.
884 3426 966 3475 60.
1039 3425 1248 3475 similes
1293 3426 1446 3476 lusus
1498 3425 1591 3490 qui
1636 3428 1763 3474 sunt
1804 3425 1865 3476 in
1913 3423 2211 3490 epitaphiis
2258 3427 2632 3474 memorantur
2684 3440 2723 3480 ‚a

469 3507 770 3558 Welckero
806 3508 1004 3574 syllog.
1043 3525 1096 3573 p.
1133 3511 1198 3560 83
1237 3509 1491 3574 aliisque.

603 3591 644 3656 ²)
686 3593 760 3642 Ζιι
795 3592 1039 3644 Allcmene
1080 3601 1234 3658 passi
1268 3596 1364 3644 der
1397 3595 1555 3644 ihr-em
1592 3594 1780 3644 Gatten
1811 3595 2065 3660 yeyebene
2102 3595 2288 3652 Name,
2333 3584 2718 3657 Ἀμφιτρύων,

473 3679 569 3728 der
606 3677 972 3735 Aelcersmann‚
1011 3679 1108 3728 der
1139 3679 1334 3728 seh-wer·
1367 3679 1666 3729 arbeitende
1700 3693 1745 3728 e.
1784 3697 1834 3744 q.
1870 3695 1916 3728 8.
1984 3677 2313 3729 Welckerus
2351 3693 2431 3742 gr.
2474 3677 2725 3730 G‘dtterl.

471 3764 526 3812 11
563 3780 616 3828 p.
657 3764 770 3814 752.

603 3847 646 3911 ³)
684 3848 882 3913 Itaque
917 3846 1025 3896 hac
1063 3847 1230 3898 etiam
1266 3848 1324 3897 in
1359 3863 1418 3898 re
1457 3847 1611 3898 illum
1646 3849 1873 3898 Nonnus
1911 3847 2219 3898 aemulatus
2257 3851 2359 3900 est.
2432 3847 2505 3897 cf.
2542 3845 2722 3898 Dion.

469 3934 496 3982 I
533 3935 632 3983 397
671 3931 760 3982 011.
799 3932 884 3982 III
923 3933 1050 3995 375,
1090 3932 1219 3982 XLI
1255 3935 1379 3996 332,
1418 3932 1501 3982 III
1536 3933 1637 3982 284
1672 3947 1771 3998 sq„
1811 3933 1860 3983 V
1896 3934 1977 3994 70,
2016 3932 2306 3983 XXXVIII
2342 3932 2435 3994 31,
2473 3930 2726 3981 XLVIII

469 4018 586 4078 257,
628 4017 758 4066 alia.

603 4098 645 4162 ⁴)
685 4102 842 4164 Quae
877 4103 1233 4168 interponunt
1267 4106 1525 4168 corrupta
1550 4101 1707 4152 codd.
1735 4102 1785 4150 D
1814 4106 1870 4152 et
1894 4102 1938 4151 P
1964 4105 2089 4167 post
2114 4098 2507 4164 Καλλίμαχοςε
2548 4092 2721 4164 παρὰ

473 4193 534 4250 τὸ
581 4195 662 4259 εἰς
709 4198 888 4267 κάλλη
924 4191 966 4266 ἦ
1001 4199 1236 4269 elnon-nv
1281 4197 1422 4267 πρὸς
1470 4175 1579 4255 §aad
1614 4175 1830 4268 προτρῗ
1868 4203 1969 4267 «pti.
2015 4195 2125 4269 γὰρ
2170 4193 2247 4260 ὥς
2290 4197 2393 4252 καὶ
2436 4197 2721 4267 καλήσιος

475 4274 648 4348 §udin
695 4272 824 4348 οὖν,
877 4302 944 4336 ea
992 4287 1305 4346 adiuvante,
1337 4289 1495 4338 docto
1546 4289 1733 4352 aliquo
1783 4288 1959 4338 amico
2012 4288 2095 4337 ita
2141 4287 2388 4351 expediit
2434 4279 2595 4350 παρὰ
2644 4284 2717 4338 τὸ
