2917 4992
1163 373 1247 384 ——
1337 334 1459 398 143
1544 325 1646 384 -’

423 511 490 568 in
537 517 723 588 caput
767 529 806 566 a
849 516 1126 567 nostrum
1171 506 1457 568 dominae
1504 509 1802 586 periuria,
1851 527 2114 588 quaese,

509 612 838 670 eveniant!
885 629 1094 689 poena
1136 617 1270 694 tuta
1311 610 1394 669 sit'
1433 609 1545 668 illa
1586 612 1754 669 mea!

426 732 507 771 ne
552 721 763 772 tamen
806 714 1089 789 ignorem
1135 710 1285 790 quid
1332 730 1511 788 agas,
1560 710 1637 770 ad
1689 711 1911 769 limina·
1946 707 2198 770 crebro'

285 823 388 876 130
517 816 738 874 anxius
783 814 902 872 huc
944 814 1090 872 illuc
1137 812 1593 871 dissimulanter
1640 831 1748 870 eo:

425 914 770 994 subsequor
815 915 1102 973 ancillam
1147 914 1352 972 furtim
1396 914 1814 992 famulumque
1858 915 2214 992 requirenS,

508 1017 861 1095 profuerint
901 1016 1101 1076 somni
1150 1014 1299 1094 quid
1341 1013 1455 1073 tibi
1502 1013 1731 1094 quidve
1776 1012 1915 1072 cibi.

423 1138 521 1177 me
566 1119 881 1191 miserum,
931 1116 1099 1196 quod
1144 1136 1272 1174 non
1318 1115 1691 1176 medicorum
1733 1099 1898 1176 iussa
1940 1116 2219 1174 ministro

509 1219 866 1298 effingoque
909 1238 1125 1278 manus
1171 1217 1541 1297 insideoque
1584 1219 1746 1277 toro!

279 1330 384 1384 135
435 1329 495 1380 et
537 1341 742 1380 rursus
787 1321 1099 1392 miserum,
1150 1319 1317 1398 quod
1361 1338 1458 1376 me
1504 1319 1719 1397 procul
1759 1319 1909 1378 inde
1955 1328 2185 1379 remoto

513 1442 693 1501 quem
737 1421 986 1502 minime
1031 1420 1216 1479 velim
1263 1421 1524 1479 forsitan
1569 1420 1725 1479 alter
1770 1421 1975 1490 adest!

425 1523 531 1582 ille
575 1543 790 1582 manus
835 1524 985 1582 istas
1033 1521 1274 1598 effingit
1319 1530 1380 1580 et
1425 1521 1674 1581 adsidet
1716 1541 1974 1599 aegrae,

512 1625 752 1684 invisus
797 1625 1036 1702 superis
1081 1643 1216 1682 cum
1259 1624 1627 1702 superisque
1670 1623 1847 1696 mihi,

427 1725 692 1805 dumque
739 1746 848 1785 suo
893 1733 1156 1804 temptat
1198 1725 1525 1784 salientem
1568 1724 1793 1802 pollice
1838 1745 2088 1797 venam,

278 1836 388 1889 140
518 1826 786 1886 candida
829 1847 943 1906 per
988 1846 1233 1886 causam
1276 1824 1527 1886 brachia
1570 1845 1759 1904 saepe
1804 1835 1997 1900 tenet,

430 1936 890 2007 contrectatque
934 1929 1104 1988 sinus
1153 1936 1213 1986 et
1257 1927 1515 1987 forsitan
1562 1927 1768 1987 oscula
1810 1927 2041 2005 iungit:

513 2031 713 2090 officio
760 2050 989 2090 merces
1033 2030 1280 2108 plenior
1321 2030 1439 2088 ista
1484 2041 1671 2088 suost.
1922 2013 1927 2018 ’

430 2133 566 2210 quis
609 2130 723 2206 tibi
767 2132 1045 2210 permisit
1090 2140 1332 2190 nostras
1376 2150 1787 2209 praecerpere
1833 2133 2113 2191 messes?

513 2232 592 2292 ad
638 2252 783 2312 spes
825 2234 1076 2292 alterius
1123 2233 1260 2312 quis
1305 2230 1416 2290 tibi
1460 2233 1609 2291 fecit
1651 2233 1811 2291 iter?

287 2342 392 2396 145
435 2335 554 2393 iste
599 2317 771 2394 sinus
815 2354 986 2393 meus
1035 2343 1156 2408 est,
1204 2353 1342 2392 mea
1383 2335 1646 2412 turpiter
1691 2334 1898 2394 oscula
1941 2335 2158 2394 sumis:

513 2455 549 2494 a
593 2436 1082 2515 mihi-promisso
1130 2429 1387 2514 corpore
1432 2437 1579 2496 tolle
1626 2438 1871 2495 manus!

433 2534 760 2617 [impr-obe,
809 2538 959 2596 tolle
1003 2539 1246 2596 manus!
1311 2557 1494 2616 quam
1536 2539 1771 2615 tangis,
1822 2548 2033 2598 nostra
2077 2539 2373 2598 futurast:
2441 2605 2447 2612 ,

511 2639 840 2718 postmodo
887 2639 938 2698 si
983 2638 1176 2697 facies
1222 2638 1413 2712 istud,
1464 2637 1705 2698 adulter
1752 2640 1888 2698 eris.

369 2719 382 2728 ’
433 2741 596 2819 elige
645 2741 722 2799 de
768 2741 1010 2813 vacuis,
1061 2759 1241 2819 quam
1286 2760 1413 2798 non
1459 2738 1576 2799 sibi
1621 2739 1898 2798 vindicet
1942 2741 2127 2800 alter:

297 2851 395 2903 150
520 2843 574 2901 si
618 2843 849 2916 nescis,
901 2842 1208 2901 dominum
1255 2861 1354 2900 res
1399 2841 1589 2900 habet
1631 2841 1750 2900 ista
1794 2830 1984 2900 suum.

430 2963 549 3002 nec
591 2943 738 3002 mihi
783 2942 1152 3018 credideris,
1200 2944 1491 3003 recitetur
1534 2943 1789 3002 formula
1832 2944 2028 3024 pacti,

422 3188 472 3224 v.
502 3173 599 3221 127
635 3173 687 3219 in
721 3177 878 3233 caput
911 3177 1136 3220 nostrum
1167 3171 1274 3232 Pl,
1312 3173 1465 3235 inque
1499 3178 1653 3234 eaput
1684 3177 1907 3220 nostrum
1934 3171 1979 3219 G
2004 3172 2068 3232 L,
2107 3172 2160 3219 in
2177 3178 2336 3234 caput
2358 3178 2409 3221 et
2433 3188 2521 3221 no-

287 3265 442 3306 strum
465 3255 508 3304 P
523 3256 572 3315 2,
609 3257 662 3305 in
687 3261 840 3319 eaput
863 3270 893 3304 o
918 3261 1141 3304 nostrum
1164 3255 1448 3315 Heinsius,
1484 3257 1537 3302 in
1561 3262 1715 3318 eaput
1736 3271 1769 3304 a
1794 3260 2017 3303 nostrum
2038 3255 2320 3303 Lucianus
2345 3255 2521 3306 Muel-

288 3339 452 3388 lerus.
480 3363 547 3374 —
586 3355 634 3391 v.
665 3340 762 3388 128
796 3340 864 3388 sit
901 3345 1009 3388 tota
1042 3339 1106 3387 L.
1136 3365 1198 3374 —-
1234 3353 1285 3388 v.
1315 3340 1412 3389 130
1446 3340 1541 3388 hoe
1576 3340 1702 3388 illud
1737 3341 1793 3386 et
1830 3354 1864 3386 a
1887 3352 2000 3388 sec.
2030 3354 2097 3386 111.
2137 3340 2233 3388 hae
2266 3341 2385 3389 illac
2409 3340 2451 3389 P
2473 3343 2517 3389 1.

288 3426 665 3474 dissimulantur
700 3422 844 3486 quod
880 3423 1120 3472 correxit
1153 3438 1266 3472 sec.
1302 3439 1375 3471 111.
1413 3423 1477 3474 G.
1518 3447 1583 3458 -
1624 3438 1677 3474 v.
1718 3424 1810 3472 131
1842 3413 2178 3489 famulamque
2212 3427 2420 3490 requiro
2455 3425 2519 3488 L,

289 3510 496 3574 quirem
533 3523 568 3558 a
602 3523 712 3558 rec.
751 3523 819 3556 m.
859 3506 1170 3573 suppletum
1209 3506 1270 3557 G.
1299 3533 1361 3542 --
1396 3523 1447 3558 v.
1480 3485 1590 3556 132
1610 3509 1808 3572 sompni
1829 3507 1875 3556 L
1902 3508 2006 3556 Ρ2.
2035 3535 2097 3542 -—
2136 3525 2186 3559 v.
2217 3510 2313 3558 134
2336 3491 2523 3573 efinyo'

289 3609 386 3657 que
408 3608 582 3642 manus
605 3593 890 3657 ins-idioque
915 3594 1044 3643 doro
1070 3591 1212 3656 quod
1249 3577 1555 3652 correcturn
1584 3597 1667 3641 est
1692 3593 1837 3643 thoro
1863 3592 1906 3641 Ρ
1922 3596 1969 3662 1,
2008 3592 2154 3643 thoro
2182 3593 2227 3641 G
2251 3594 2296 3642 L
2324 3595 2428 3643 Ρ2.
2456 3611 2533 3628 -·

287 3692 340 3727 v.
358 3677 455 3728 135
475 3684 666 3727 remoto
685 3677 780 3739 Pl,
804 3679 992 3726 removi
1014 3675 1225 3725 GLPz.
1243 3704 1302 3711 —
1324 3692 1376 3726 v.
1399 3677 1497 3726 136
1519 3679 1657 3726 velim
1665 3655 1767 3739 P'I,
1794 3651 1964 3726 vellem
1984 3678 2173 3728 ceteri.
2212 3677 2351 3727 obest
2376 3676 2439 3727 G.
2460 3701 2513 3710 —

880 3759 912 3792 u
1061 3767 1088 3792 a
1236 3762 1251 3794 ι

261 3821 340 3867 γ.
381 3804 476 3853 137
512 3805 614 3853 ista
645 3805 742 3852 sed
767 3805 902 3866 finye
939 3810 991 3852 et
1029 3804 1238 3869 codside
1273 3818 1462 3868 aeyrae
1499 3803 1746 3867 P1,fi92·t
1785 3803 1874 3851 cui
1909 3805 2147 3866 astrinyit
2187 3801 2521 3866 adscriptum

291 3891 380 3936 est
414 3888 488 3950 L,
527 3888 738 3951 stringit
771 3889 908 3952 quod
939 3888 1011 3936 sis
1040 3887 1178 3949 facis
1214 3903 1334 3950 effre
1371 3886 1476 3935 P2.
1517 3912 1579 3921 —-
1617 3902 1667 3935 v.
1708 3888 1803 3936 139
1842 3894 2017 3935 lemme
2054 3887 2118 3948 G,
2157 3892 2319 3935 tentat
2341 3886 2428 3935 Pl
2454 3886 2519 3935 L.

288 3998 535 4046 salientes
565 3999 756 4061 pollice
791 4011 944 4047 venas
978 3998 1044 4049 L.
1065 4023 1126 4034 —-
1163 4012 1215 4047 v.
1244 3996 1338 4044 141
1375 3997 1535 4066 iungit
1572 3995 1635 4045 G.
1661 4021 1722 4030 —-
1761 4012 1812 4044 v.
1842 3997 1941 4044 144
1976 3998 2047 4046 ad
2076 3998 2185 4060 spis
2220 3999 2522 4045 correctum

290 4105 354 4152 in
387 4107 460 4154 aa
491 4120 611 4168 spes
654 4105 760 4155 P1.
803 4132 862 4141 —
900 4121 952 4156 v.
994 4107 1090 4154 145
1135 4070 1330 4176 mei-ms
1362 4104 1467 4154 1³1.
1506 4132 1567 4140 -
1606 4120 1657 4154 v.
1697 4107 1964 4155 147—-155
2010 4105 2431 4169 circumscripsi.
2458 4133 2521 4140 -

290 4204 352 4238 v.
398 4190 494 4239 148
522 4190 695 4252 facia-s·
730 4190 833 4238 P2.
875 4217 936 4224 -
975 4205 1026 4239 v.
1068 4191 1163 4239 149
1197 4190 1296 4238 sihi
1329 4205 1429 4238 non
1466 4190 1528 4239 L.
1609 4191 1845 4238 vendicat
1879 4191 1922 4239 P
1944 4192 1991 4240 2.
2028 4215 2093 4223 -
2128 4205 2180 4239 v.
2220 4191 2318 4240 150
2351 4192 2397 4239 si
2432 4191 2522 4240 do-

289 4272 471 4322 minum
505 4275 671 4324 neseis
705 4273 811 4323 Ρ2.
849 4299 912 4309 -
948 4289 1002 4324 v.
1040 4273 1135 4324 151
1167 4273 1303 4336 faeti
1336 4289 1370 4322 a
1405 4289 1486 4338 pr.
1525 4289 1595 4325 m.
1634 4274 1699 4327 G.
