2917 4992
1213 347 1287 356 --
1383 307 1675 372 147—-

468 485 678 545 iuncta
721 482 890 543 salus
934 491 1230 544 nostrast:
1290 483 1582 542 miserere
1624 482 1871 563 meique
1913 482 2146 564 tuique.

555 585 706 666 quid
755 583 999 645 dubitas
1043 605 1230 644 unam
1273 583 1437 643 ferre
1486 582 1722 644 duobus
1769 585 1992 664 opem?

329 696 430 751 235
478 687 644 767 quod
690 689 745 747 si
790 686 1144 766 contigerit,
1193 707 1327 746 cum
1369 686 1493 746 iam
1538 684 1686 745 data
1728 687 1909 764 signa
1951 685 2262 746 sonabunt

415 866 418 872 Ι
554 790 874 871 tinctaque
917 791 1126 850 votivo
1171 788 1478 866 sanguine
1522 788 1721 848 Delos
1768 788 1914 862 erit,

476 910 662 950 aurea
705 899 972 971 ponetur
1015 891 1162 950 mali
1205 890 1404 950 felicis
1448 890 1652 967 imago

555 1011 864 1072 causaque
906 991 1224 1052 versiculis
1269 991 1501 1071 scripta
1546 989 1781 1050 duobus
1830 991 1975 1050 erit:

473 1094 710 1171 ‘effigie
753 1095 922 1175 pomi
965 1101 1223 1154 testatur
1265 1092 1567 1152 Acontius
1610 1091 1819 1169 huius,

328 1202 432 1256 240
559 1215 718 1275 quae
763 1196 995 1256 fuerint
1037 1195 1104 1256 in
1151 1214 1224 1254 eo
1271 1195 1531 1274 scripta,
1579 1195 1771 1254 fuisse
1812 1195 2003 1254 rata)

474 1294 741 1377 [longior
783 1297 1086 1358 infirmum
1129 1317 1212 1357 ne
1257 1297 1447 1358 lasset
1492 1296 1761 1376 epistola
1804 1316 2056 1376 corpus,

552 1399 885 1480 clausaque
929 1406 1224 1459 consueto
1269 1398 1350 1458 sit
1391 1396 1506 1458 tibi
1548 1398 1704 1459 fine:
1750 1395 1965 1478 valel]

991 1733 1430 1836 Cydippe
1487 1725 1896 1810 Acontio

465 1907 762 1987 Pei-timui
807 1908 1223 1989 scriptumque
1267 1917 1434 1968 tuum
1478 1908 1616 1968 sine
1661 1927 1962 1968 murmure
2007 1908 2163 1986 legi,

549 2011 781 2070 iuraret
824 2029 1062 2090 nequos
1106 2010 1306 2070 inscia
1347 2009 1563 2088 lingua
1610 2009 1779 2070 deos.

468 2119 529 2170 et
572 2121 722 2192 puto
769 2120 1083 2191 captasses
1127 2112 1378 2186 iterum,
1425 2113 1575 2186 nisi,
1621 2121 1689 2171 ut
1727 2113 1865 2192 ipse
1910 2111 2153 2188 fateris,

549 2214 912 2296 promissam
955 2214 1144 2274 scires
1186 2233 1285 2273 me
1329 2214 1479 2290 satis
1528 2233 1664 2274 esse
1710 2215 1922 2274 semel.

396 2325 426 2375 5
470 2334 587 2374 nec
631 2315 865 2374 lectura
910 2315 1032 2376 fui:
1091 2315 1234 2392 sed,
1279 2317 1332 2376 si
1373 2313 1489 2376 tibi
1533 2315 1688 2376 dura
1732 2316 2013 2390 fuissem,

552 2406 734 2476 aucta
775 2417 935 2478 foret
977 2437 1206 2478 saevae
1251 2417 1515 2479 forsitan
1560 2419 1653 2478 ira
1699 2417 1878 2478 deae.

372 2557 376 2566 ·
465 2518 670 2577 omnia
714 2538 847 2578 cum
891 2519 1142 2595 faciam,
1189 2540 1324 2579 cum
1369 2518 1511 2580 dem
1554 2521 1661 2600 pia
1698 2529 1837 2580 tura
1877 2521 2155 2595 Dianae,

550 2619 660 2679 illa
701 2631 908 2682 tamen
953 2623 1116 2681 iusta
1158 2623 1296 2702 plus
1341 2621 1453 2681 tibi
1499 2631 1677 2701 parte
1722 2622 1910 2682 favet.

468 2716 676 2801 [utque
724 2723 896 2803 cupis
943 2722 1139 2796 credi,
1185 2722 1435 2782 memori
1476 2733 1539 2782 te
1583 2722 1860 2782 vindicat
1902 2722 2015 2782 ira.

360 2832 428 2885 10
551 2825 694 2911 talis
737 2826 804 2883 in
847 2825 1198 2904 Hippolyto
1243 2825 1353 2884 vix
1394 2825 1513 2884 fuit
1552 2824 1661 2884 illa
1702 2825 1861 2900 sum]

465 2932 528 2984 at
569 2925 788 2984 melius
831 2927 1007 3004 virgo
1052 2926 1311 2986 favisset
1355 2926 1613 3003 virginis
1658 2927 1840 2985 annis
1854 2971 1870 3000 ,

553 3045 705 3106 quos
749 3046 970 3087 vereor
1013 3046 1242 3106 paucos
1287 3047 1371 3088 ne
1413 3028 1569 3087 velit
1614 3046 1750 3086 esse
1793 3028 1961 3086 mihi.

465 3127 729 3206 languor
773 3127 936 3188 enim
982 3129 1179 3188 causis
1224 3148 1354 3188 non
1398 3128 1844 3208 apparentibus
1888 3129 2137 3202 haeret,

552 3228 813 3290 adiuvor
859 3238 920 3308 et
963 3230 1136 3289 nulla
1180 3229 1348 3290 fessa
1390 3229 1699 3290 medentis
1746 3249 1889 3309 ope.

359 3339 424 3390 15
469 3348 649 3409 quam
693 3329 805 3391 tibi
849 3350 1015 3390 nunc
1057 3330 1350 3409 gracilem
1393 3331 1501 3390 vix
1542 3332 1699 3390 haec
1742 3327 2081 3390 rescribere
2128 3350 2433 3411 quamque

547 3432 786 3512 pallida
828 3432 935 3491 vix
980 3431 1182 3492 cubito
1225 3431 1500 3492 membra
1542 3434 1753 3492 levare
1798 3431 2023 3513 putas?
2068 3445 2081 3454 ·

464 3533 582 3592 huc
624 3533 806 3593 timor
851 3533 1119 3609 accedit,
1167 3535 1388 3614 nequis
1432 3533 1555 3593 nisi
1599 3534 1846 3594 conscia
1888 3535 2097 3594 nutrix

459 3751 512 3786 v.
538 3737 638 3786 233
663 3743 742 3786 est
765 3735 953 3786 omisit
975 3735 1030 3786 S.
1058 3761 1122 3772 -
1146 3752 1199 3790 v,
1226 3737 1326 3787 235
1349 3737 1657 3801 contingerit
1678 3735 1735 3786 S.
1780 3742 1902 3786 rata
1923 3738 2073 3801 signa
2096 3735 2341 3800 Cuperus
2365 3734 2403 3789 l.
2429 3750 2479 3786 c.
2503 3735 2559 3786 H

327 3821 508 3884 p.700.
525 3845 594 3857 —-
612 3822 776 3872 v.241
797 3835 878 3886 sq.
904 3835 1014 3870 non
1036 3820 1215 3870 minus
1233 3821 1406 3886 spurii
1426 3837 1589 3887 quam
1611 3837 1695 3887 ep.
1715 3821 1845 3871 XIV
1864 3821 1958 3872 131
1980 3836 2064 3884 sq.
2109 3836 2161 3871 v.
2181 3821 2281 3870 242
2297 3819 2556 3871 insulsus.

463 3921 643 3986 Gidipe
678 3922 900 3974 Acontio
935 3921 1024 3972 P2
1049 3921 1104 3972 S.
1143 3949 1211 3957 —
1245 3939 1299 3975 v.
1331 3923 1367 3972 4
1399 3939 1477 3974 me
1510 3925 1664 3974 semel
1696 3937 1808 3973 esse
1842 3924 1971 3972 sacis
2004 3921 2111 3973 P2.
2154 3947 2211 3958 —-
2248 3937 2301 3972 v.
2341 3924 2371 3972 7
2408 3921 2561 3973 thura

328 4003 417 4053 P2
441 4005 495 4058 S.
522 4034 586 4044 —-
620 4023 676 4058 v.
700 4009 732 4057 9
757 4022 840 4073 sq.
865 4007 1286 4073 circumscripsi.
1311 4033 1378 4043 -
1413 4024 1467 4059 v.
1496 4009 1559 4059 10
1588 4009 1783 4074 ypolito
1806 4006 1896 4057 Ρ2
1921 4006 1973 4058 S.
2000 4034 2064 4050 -—
2098 4023 2151 4058 v.
2177 4007 2241 4055 12
2272 4007 2477 4057 veireor
2501 4005 2559 4056 S.

327 4086 420 4137 hic
453 4089 719 4141 deficiunt
754 4091 802 4142 G
825 4089 912 4142 1³2
939 4091 992 4142 S.
1036 4118 1094 4130 -—
1132 4108 1184 4143 v.
1224 4094 1287 4142 13
1323 4095 1506 4158 langor
1538 4091 1727 4142 P3rv.
1762 4117 1829 4128 -
1863 4107 1918 4141 v.
1958 4091 2020 4140 16
2056 4091 2232 4141 tabida
2264 4093 2356 4141 vix
2388 4090 2558 4141 Bent-

329 4171 492 4232 leius‚
538 4175 636 4225 sed
685 4176 757 4225 cf.
804 4180 930 4226 met.
968 4176 1097 4226 XIV
1133 4177 1258 4238 734,
1311 4192 1394 4241 ep.
1429 4177 1511 4226 XI
1547 4179 1628 4227 77.
1696 4183 1825 4240 puta
1869 4191 1896 4224 r
1942 4175 2248 4272 Bentleius.
2293 4200 2357 4210 —-
2402 4176 2559 4226 v.17

331 4271 456 4306 nunc
491 4261 638 4310 timor
671 4259 718 4309 L
743 4261 833 4311 P3
855 4276 892 4311 v
915 4261 1100 4323 r‚}1uc
1133 4263 1281 4310 timor
1314 4260 1601 4310 Heinsius.

2024 4343 2150 4406 10*
