2917 4992
1061 342 1527 407 —117-

185 519 320 579 illas
353 539 491 578 esse
522 525 806 597 receptas
837 514 1277 578 narratum‘sit.
1295 513 1342 594 ¹)
1403 526 1670 578 ceterum
1714 521 1819 580 ille
1854 541 2101 602 quoque
2129 525 2265 603 ipse
2296 523 2415 584 sol-

187 622 400 681 lemnis
441 639 757 700 pomorum
800 639 944 679 usus
993 619 1158 678 cadit
1203 620 1266 679 in
1309 637 1483 678 sacra
1527 626 1798 695 nuptialia
1811 619 1892 698 ²),
1936 624 2127 703 plane
2170 633 2237 685 ut
2266 627 2415 686 satis

187 724 285 783 fiat
302 723 714 802 Propertiano
737 721 960 796 versui,
984 741 1104 801 quo
1129 722 1337 781 aetion
1359 732 1722 801 argumenta
1742 724 2077 785 universim
2101 735 2412 788 notantur.

347 825 524 886 Talis
569 825 752 903 igitur
796 843 930 883 cum
985 824 1142 883 ratio
1201 844 1273 884 ac
1327 825 1468 884 finis
1523 825 1709 886 fuerit
1755 826 2085 907 Cydippae
2145 827 2413 904 fabulae,

190 948 293 1006 pro
339 926 625 1006 exemplo
667 925 780 984 illa
821 923 1116 984 habenda
1173 934 1267 986 est
1313 927 1442 986 eius
1500 927 1779 1005 generis,
1840 927 2007 1008 quod
2062 939 2207 1010 apte
2252 952 2419 992 nunc

189 1028 564 1107 legendas
613 1027 824 1087 dicunt
853 1028 1216 1107 mythologi.
1291 1029 1521 1088 etenim
1548 1029 1667 1089 hoc
1709 1030 1855 1090 illae
1886 1033 2120 1111 proprii
2163 1032 2417 1108 habent,

191 1131 347 1212 quod
395 1131 764 1208 cognomina
807 1149 880 1190 ac
924 1148 1100 1189 sacra
1145 1129 1400 1190 deorum
1444 1130 1900 1212 sollemnesque
1941 1133 2249 1213 quaslibet
2278 1155 2415 1194 cae-

187 1235 492 1306 rimonias,
541 1251 700 1313 quae
747 1251 782 1290 e
825 1230 1168 1292 rationibus
1201 1232 1481 1312 physicis
1511 1232 1615 1292 vel
1648 1234 1865 1294 ethicis
1897 1242 2045 1294 nata
2076 1237 2219 1310 sint,
2266 1257 2417 1297 vera

189 1337 420 1414 origine
466 1355 594 1396 non
639 1333 898 1414 amplius
943 1342 1272 1413 perspecta
1318 1353 1396 1394 ex
1438 1332 1664 1396 fabulis
1693 1345 1985 1416 repetant
2016 1319 2416 1417 aet'iologicis.

188 1438 363 1519 quale
410 1456 607 1516 genus
654 1435 922 1495 omnium
968 1436 1197 1515 optime
1227 1435 1595 1496 Welckerus
1641 1437 2009 1517 intellegere
2052 1448 2113 1499 et
2142 1438 2419 1500 iudicare

185 1561 294 1600 nos
343 1539 569 1614 docuit,
617 1540 723 1618 qui
767 1557 899 1597 cum
943 1538 1098 1596 alias
1145 1538 1373 1616 passim
1418 1536 1498 1596 de
1546 1557 1619 1596 eo
1668 1537 1960 1618 disputat,
2006 1549 2133 1600 tum
2178 1543 2243 1601 in
2290 1543 2419 1623 epi·

185 1642 340 1702 stula
383 1662 438 1701 a.
490 1649 624 1703 1823
680 1639 758 1698 ad
807 1639 1174 1700 Guilelmum
1220 1638 1688 1698 Humholdtium
1735 1638 1881 1699 data
1938 1640 2072 1718 (W.
2120 1663 2179 1702 v.
2226 1643 2417 1704 Hum-

184 1741 404 1803 boldt’s
433 1742 646 1802 Briefe
691 1761 771 1800 an
808 1741 882 1800 F.
919 1740 994 1802 G.
1027 1740 1320 1800 Welcker
1365 1761 1430 1820 p.
1459 1749 1530 1802 84
1560 1739 1703 1821 sq.),
1749 1742 2029 1821 Trilogie
2073 1764 2136 1822 p.
2168 1752 2271 1808 249
2300 1765 2414 1824 sq„

187 1844 489 1907 Goetterl.
535 1844 569 1904 I
612 1863 676 1922 p.
720 1852 789 1906 95
819 1861 958 1922 sqq.
1041 1862 1114 1901 ac
1156 1849 1395 1921 potest,
1456 1843 1524 1900 ni
1568 1842 1777 1917 fallor,
1836 1845 2175 1904 accuratius
2232 1846 2416 1905 etiam

185 1947 424 2007 definiri
469 1944 717 2005 fabulae
759 1963 977 2022 genus.

345 2048 629 2127 Namque
675 2044 966 2125 perdigni
997 2053 1214 2104 notatu
1241 2044 1535 2106 videntur
1568 2044 1921 2107 Ovidianae
1954 2049 2257 2128 epistulae
2286 2049 2419 2110 XX

185 2149 464 2210 exeuntis
508 2147 573 2206 hi
614 2167 862 2208 versus:

482 2251 630 2326 quod
668 2253 721 2306 si
758 2252 1088 2325 contiqert‘t,
1133 2267 1258 2306 cum
1301 2253 1415 2307 iam
1459 2253 1597 2308 data
1639 2255 1801 2326 siqua
1842 2254 2149 2322 sonabunt,

589 2355 870 2426 tinctaque
911 2354 1086 2409 votivo
1129 2355 1397 2426 sanyuine
1438 2353 1608 2410 Delos
1650 2357 1761 2410 erit
1776 2399 1791 2423 ,

484 2441 709 2511 au'rea
742 2460 1066 2528 ponetur
1110 2457 1284 2511 mali
1318 2453 1573 2527 felicis
1615 2459 1840 2530 imayo

586 2571 866 2628 causaque
908 2557 1189 2612 versiculis
1229 2558 1447 2629 scripta
1491 2557 1704 2614 duobus
1746 2561 1857 2614 erit
1870 2580 1890 2614 .·

482 2659 668 2732 effiyie
702 2660 857 2730 pomi
897 2661 1139 2714 testatur
1181 2658 1452 2713 Acontius
1494 2658 1685 2726 huius,

584 2775 730 2832 quae
768 2761 987 2832 fuerint
1024 2761 1084 2815 in
1126 2774 1188 2815 eo
1231 2760 1449 2830 scripta
1491 2758 1670 2831 fuisse
1714 2765 1869 2816 rata.

185 2882 438 2942 quorum
497 2859 719 2941 probat
769 2861 908 2919 vim.
965 2868 1027 2918 et
1053 2857 1058 2864 ’
1083 2860 1509 2919 auctoritatem
1562 2860 1719 2920 ratio
1778 2858 2003 2921 ovidio
2061 2860 2417 2923 Ovidianis-

186 2984 301 3044 que
347 2964 596 3023 usitata.
665 2963 770 3042 qui
813 2963 866 3022 si
912 2961 1060 3042 quid
1101 2962 1275 3021 fictos
1323 2962 1720 3041 epistularum
1766 2964 2093 3044 scriptores
2140 2965 2205 3023 in
2249 2965 2419 3025 exitu

185 3066 561 3145 potissimum
618 3064 698 3124 de
753 3064 970 3124 futuris
1030 3064 1263 3123 faciunt
1322 3064 1719 3143 eloquentes,
1781 3065 1947 3145 quod
2000 3065 2107 3124 vel
2161 3066 2416 3125 consilio

185 3168 281 3228 vel
329 3175 474 3228 voto
521 3168 624 3226 vel
668 3167 1129 3249 praesagitione
1175 3166 1581 3252 contineatur,
1629 3167 1794 3226 idem
1836 3166 2093 3246 posthac
2131 3167 2418 3226 evenisse

188 3279 315 3329 erat
357 3271 424 3329 in
469 3267 714 3329 fabulis·
785 3269 871 3327 ita
915 3268 1158 3348 Phyllis
1189 3267 1258 3327 II
1298 3275 1366 3329 41
1398 3287 1492 3347 sq.
1542 3286 1614 3327 eo
1660 3287 1727 3327 se
1786 3287 2046 3347 pronam
2099 3268 2418 3347 profitetur

185 3380 247 3431 ut
288 3372 515 3451 laqueo
572 3371 760 3430 vitam
801 3370 994 3429 finiat.
1085 3369 1443 3451 Hypsipyle
1488 3370 1583 3430 VI
1634 3380 1721 3431 151
1768 3389 1908 3450 sqq.
1965 3368 2231 3430 Medeae
2259 3381 2417 3450 ‘pre-

188 3481 384 3548 catur,
472 3480 542 3531 ut
608 3492 645 3530 a
699 3471 948 3532 Theseo
1017 3470 1282 3551 depulsa
1351 3472 1611 3530 extorris
1685 3480 1947 3551 vagetur
2010 3470 2221 3533 liberis
2292 3473 2417 3532 suis

187 3573 476 3653 perditis,
535 3581 603 3632 ut
658 3574 905 3651 coniugi
962 3573 1249 3654 natisque
1306 3581 1429 3633 tam
1484 3573 1839 3653 perniciosa
1892 3573 1972 3634 sit
2026 3574 2164 3649 illa,
2238 3593 2419 3654 quam

186 3676 366 3735 fuerit
429 3676 594 3755 patri
656 3676 987 3756 fratrique,
1067 3675 1342 3755 denique
1407 3683 1475 3735 ut
1540 3684 1706 3736 terra
1759 3676 2037 3758 marique
2099 3682 2415 3755 pererrato

320 3875 358 3940 ¹)
395 3879 484 3927 Ex'
516 3893 585 3929 ea
619 3876 821 3928 Deliae
857 3877 1078 3928 Dianae
1114 3881 1316 3927 natura
1353 3882 1576 3943 repetas
1612 3889 1804 3927 versus
1841 3877 1927 3941 ep.
1952 3875 2153 3925 Aconti
2179 3877 2274 3925 191
2296 3890 2413 3940 sqq.

193 3966 243 4011 et
265 3962 494 4013 scolium
515 3962 718 4016 Athen.
740 3962 840 4013 XV
864 3978 916 4027 p.
941 3963 1042 4012 694
1066 3961 1126 4012 dz
1166 3952 1232 4012 ἔν
1268 3953 1438 4028 Δήλῳ
1474 3951 1603 4024 ποτ’
1644 3953 1824 4012 ἔτικτε
1859 3951 2036 4012 τέκνα
2058 3953 2240 4021 Auitus,
2281 3959 2415 4010 Φοῖ-

189 4044 288 4110 βον
321 4039 685 4114 χρυσοκόμαν
721 4036 933 4098 ἄνακτ’
968 4039 1203 4099 Ἀπόλλω
1233 4044 1242 4113 Ι
1275 4038 1641 4112 ἐλαφηβόλον
1676 4036 1731 4095 τ’
1756 4034 2075 4111 ἀγροτέραν
2112 4037 2437 4112 luctemur„

189 4117 226 4182 ἃ
259 4130 548 4197 γυναικῶν
581 4125 715 4198 μέγ’
753 4125 869 4199 ἔχει
893 4123 1122 4197 κράτος.
1159 4146 1357 4183 vereor
1378 4135 1442 4181 ut
1466 4144 1685 4196 prorsus
1710 4133 1863 4180 recte
1890 4129 2133 4194 disputet
2162 4128 2418 4180 Welcke-

191 4231 276 4268 rus
309 4216 388 4270 kl.
414 4216 567 4269 Schr.
605 4217 691 4268 ΙΙΙ
715 4233 768 4282 p.
795 4219 895 4268 202
920 4232 1038 4282 sqq.

317 4301 361 4368 ²)
400 4299 488 4352 cf.
523 4318 575 4354 v.
613 4318 662 4354 e.
701 4300 930 4366 Quintil.
969 4301 997 4352 1
1033 4303 1081 4364 7,
1120 4302 1204 4354 28.
