2917 4992
1403 368 1827 437 -96.-.

501 539 558 614 ἐς
603 532 668 601 τὸ
721 544 960 619 κοῖλον,
1016 529 1098 600 ἵν’
1163 521 1306 601 ὦσιν
1361 540 1433 600 αἱ
1480 545 1667 620 χεῖρες
1722 532 2029 618 ξύμφωνοι
2082 533 2482 618 πληττόμεναι
2533 533 2733 624 τρόπῳ

501 637 842 723 κυμβάλων.
937 654 999 704 et
1057 665 1132 704 ea
1188 664 1346 725 quae
1405 642 1793 722 subiungitur
1847 645 2161 705 sententia
2218 664 2251 704 e
2308 644 2734 724 Xenophonte

497 747 660 826 Eph.
707 748 742 806 I
783 756 837 822 8,
885 758 913 810 1
961 755 1204 826 sumpta
1250 755 1373 806 est:
1432 739 1756 826 βραδύνειν
1818 741 1883 804 δὲ
1925 738 2121 804 πάντα
2166 739 2357 804 ἐδόκει
2393 737 2735 826 Ἀβροκόμῃ

477 844 601 907 καὶ
639 835 906 931 Ἀνθείᾳ.
995 849 1188 908 nihilo
1233 851 1422 910 setius
1466 849 1802 928 hymenaei
1843 848 2222 908 mentionem
2268 867 2305 907 e
2350 846 2729 908 Callimacho

499 950 762 1010 arbitror
821 951 1185 1010 translatam
1249 959 1544 1031 rectoque
1610 952 1794 1011 etiam
1857 951 1993 1010 loco
2053 951 2368 1012 insertam.
2466 967 2735 1028 namque

501 1072 637 1112 eam
709 1051 972 1112 vidimus
1042 1053 1347 1112 rationem
1421 1071 1558 1112 esse
1629 1053 2107 1132 paraphrastae,
2195 1073 2322 1112 non
2394 1059 2463 1110 ut
2533 1069 2736 1110 rerum

498 1163 808 1214 momenta
864 1154 1297 1235 interponeret
1353 1174 1548 1229 nova,
1609 1153 1723 1214 sed
1766 1163 1833 1214 ut
1886 1154 2131 1232 singula
2188 1153 2549 1214 Callimachi
2598 1153 2737 1211 loca

501 1258 758 1317 aliorum
802 1258 1065 1316 maxime
1111 1257 1471 1316 commentis
1520 1264 1881 1331 exornaret,
1928 1264 2113 1336 prout
2155 1257 2264 1315 illa
2308 1253 2739 1335 suppeditaret

498 1359 807 1418 memoria.
900 1367 961 1417 et
991 1357 1248 1433 accedit,
1297 1357 1466 1437 quod
1495 1359 1632 1438 ipso
1676 1357 1923 1417 fabulae
1950 1359 2076 1418 fine
2104 1359 2222 1417 hoc
2254 1356 2522 1438 quodam
2548 1354 2735 1414 modo

501 1461 948 1533 continebatur,
996 1469 1064 1519 ut
1107 1460 1436 1520 sollemnes
1482 1461 1836 1539 nuptiarum
1880 1459 2282 1520 caerimonias
2329 1458 2510 1518 docta
2556 1477 2737 1518 enar-

500 1563 740 1620 ratione
797 1569 987 1641 poeta
1043 1562 1394 1640 attingeret.
1486 1581 1676 1642 quare
1732 1583 1860 1622 non
1923 1560 2163 1634 dubito,
2230 1562 2378 1646 quin
2437 1580 2573 1619 eum
2628 1559 2736 1618 ille

501 1665 984 1741 commemorarit
1026 1665 1466 1743 hymenaeum,
1528 1664 1632 1743 qui
1675 1684 1791 1744 per
1832 1684 2122 1744 pompam
2166 1661 2554 1729 cantabatur,
2616 1680 2739 1740 qua

503 1785 677 1824 curru
731 1765 960 1840 sedens
1019 1785 1252 1845 sponsa
1305 1767 1372 1824 in
1431 1765 1674 1825 domum
1720 1765 2141 1826 deducebatur
2196 1765 2380 1825 futuri
2436 1763 2659 1823 mariti.
2688 1759 2735 1839 ¹)

501 1874 713 1926 notum
743 1868 962 1947 cuique
989 1869 1108 1927 hoc
1149 1855 1469 1945 ἁρμάτειον
1512 1863 1683 1943 μέλος
1717 1887 1750 1926 e
1784 1867 2068 1927 clausulis
2113 1868 2329 1946 pacis
2376 1875 2437 1925 et
2481 1866 2739 1924 avium

500 1970 954 2050 Aristophanis.
1046 1970 1213 2049 quod
1245 1968 1499 2048 quidem
1544 1988 1736 2028 canae
1769 1989 1904 2028 esse
1946 1989 2018 2027 ac
2062 1968 2381 2028 fabulosae
2410 1967 2737 2028 vetustatis

505 2069 731 2131 docent
759 2072 1064 2134 Homerus
1112 2073 1291 2133 2491
1327 2091 1465 2150 sqq.
1514 2078 1576 2130 et
1604 2070 1919 2130 Hesiodus
1964 2078 2115 2130 scut.
2156 2079 2261 2134 273
2290 2064 2485 2150 sqq.¹)
2546 2077 2737 2149 atque

500 2172 620 2232 hoc
661 2173 727 2232 in
774 2180 1196 2251 argumentum
1241 2180 1504 2252 apparet
1550 2174 1799 2250 egregie
1844 2173 2179 2232 convenire
2211 2170 2570 2251 Callimachi
2618 2171 2737 2248 frg.

502 2284 606 2336 210
651 2295 686 2334 a
728 2277 1102 2334 Buttmanno
1159 2275 1201 2334 l.
1251 2294 1300 2333 c.
1350 2295 1411 2354 p.
1460 2280 1561 2335 127
1607 2294 1701 2354 sq.
1758 2273 1839 2332 ad
1898 2273 2503 2353 exitum‘Cydippae
2558 2293 2736 2350 pom-

503 2396 770 2456 pamque
835 2377 1172 2456 nuptialem
1235 2377 1525 2450 relatum,
1602 2375 1766 2456 quod
1831 2375 2019 2434 habet
2084 2374 2587 2455 scholiographus
2658 2373 2739 2432 ad

504 2477 696 2557 Soph.
727 2478 941 2555 Antig.
989 2487 1122 2541 629:
1177 2470 1433 2562 τάλιδος]
1494 2477 1655 2547 τᾶλις
1701 2473 1923 2555 λέγεται
1966 2464 2106 2556 παρ’
2153 2474 2471 2535 Αἰολεῦσιν
2515 2463 2555 2550 ἡ
2601 2467 2738 2532 ὀνο-

501 2571 797 2655 μασθεῖσοῖ
840 2601 958 2638 τινι
1003 2569 1232 2655 νύμφη.
1320 2577 1693 2655 Καλλίμαχος

385 2762 472 2804 xv
905 2723 1117 2791 αὐτίκα
1159 2721 1272 2807 τὴν
1315 2731 1507 2806 τᾶλιν,
1531 2727 1701 2790 παιδὶ
1746 2722 1859 2790 σὺν
1904 2723 2251 2809 ἆμφιθαλεῖ.

500 2884 670 2944 unde
704 2885 933 2945 Suidae
981 2885 1179 2945 editor
1206 2883 1699 2945 Mediolanensis
1744 2871 2009 2964 glossam
2056 2904 2218 2964 quae
2264 2893 2359 2944 est
2387 2905 2436 2946 s.
2467 2904 2527 2942 v.
2573 2883 2739 2954 τᾶλις

500 2988 712 3046 invitis
759 2985 1068 3046 codicibus
1111 2987 1312 3046 lexico
1357 2988 1635 3047 inseruit.

668 3106 860 3166 Moris
907 3114 1109 3165 autem
1155 3115 1284 3166 erat
1311 3106 1521 3181 Attici,
1568 3116 1634 3166 ut
1678 3127 1833 3187 puer
1876 3095 2170 3187 patrimus
2215 3107 2524 3165 matrimus
2572 3105 2739 3184 (παῖς

497 3197 876 3286 ἆμφιθαλής)
949 3209 1054 3288 qui
1116 3207 1421 3268 diceretur
1487 3199 1745 3285 πάροχος
1808 3209 1911 3268 vel
1966 3205 2387 3284 παρανυμφίος
2442 3228 2740 3287 sponsam

503 3307 722 3389 (τᾶλιν)
780 3311 854 3369 in·
902 3330 1131 3391 pompa
1187 3330 1389 3370 comes
1451 3304 1807 3370 deduceret.
1875 3311 1952 3368 cf.
2000 3309 2229 3370 Zenob.
2276 3329 2453 3389 prov,
2497 3311 2604 3370 III
2647 3319 2737 3382 98,

498 3411 816 3491 Aristoph.
875 3432 972 3471 av.
1021 3420 1175 3475 1737.
1262 3411 1648 3491 Hesychius:
1704 3411 1895 3481 τᾶλις·
1944 3401 1981 3487 ἡ
2024 3403 2387 3489 μελλόγαμος
2430 3408 2741 3487 παρθένος

500 3508 602 3569 καὶ
646 3507 1150 3590 κατωνομασμένη
1193 3510 1341 3582 τινί,
1397 3511 1463 3570 οἷ
1500 3509 1563 3572 δὲ
1607 3516 1866 3592 γυναῖκα
1906 3505 2200 3592 γαμετήν,
2256 3511 2321 3572 οἱ
2356 3508 2421 3572 δὲ
2463 3505 2737 3590 νύμφην.

502 3635 685 3694 quam
750 3624 926 3675 notat
981 3634 1198 3675 vocem
1263 3617 1428 3675 inter
1483 3616 1637 3674 alias
1691 3616 1980 3676 Aeolicas
2039 3615 2257 3696 quibus
2320 3614 2736 3676 Callimachus

497 3737 642 3777 usus
691 3725 786 3776 est
829 3717 1182 3778 Meinekius
1229 3716 1470 3777 Callim.
1519 3739 1579 3796 p.
1627 3727 1749 3782 201.

665 3836 910 3897 Eodem
951 3837 1087 3896 loco
1132 3836 1534 3896 inserendum
1576 3837 1852 3916 suspicor
1884 3837 2242 3898 Callimachi
2284 3838 2401 3914 frg.
2430 3843 2532 3898 461
2577 3839 2735 3898 Ern.

501 3938 667 4017 quod
726 3958 805 3998 ex
845 3939 1148 4018 Apolloni
1199 3937 1356 3998 libro
1412 3959 1599 3999 manu
1654 3940 1881 4019 scripto
1939 3938 2014 3999 ab
2058 3938 2527 4000 Hemsterhusio
2587 3940 2739 3999 olim

499 4049 593 4098 est
636 4048 1028 4119 protractum,
1076 4059 1242 4100 nunc
1282 4049 1487 4101 autem
1531 4041 1756 4118 legitur
1799 4043 1865 4100 in
1894 4041 2170 4101 Bekkeri
2200 4039 2463 4101 anecdd.
2500 4061 2563 4120 p.
2595 4049 2735 4104 567:

635 4322 678 4390 ¹)
717 4324 800 4377 Cf.
837 4325 1181 4390 Koechlyum
1215 4326 1252 4378 l.
1291 4343 1340 4378 c.
1377 4329 1406 4377 I
1441 4343 1495 4393 p.
1534 4331 1650 4381 192.
