2917 4992
1362 349 1434 358 -
1534 310 1820 374 102-

479 488 666 548 fuerit
683 488 1000 548 Marianus
1027 487 1444 560 scholasticus,
1480 486 1585 564 qui
1602 484 1933 547 Anastasio
1958 493 2262 564 regnante
2290 483 2371 564 (a.
2394 484 2725 562 491—518)

483 610 617 649 cum
648 590 800 650 alias
831 590 1220 669 antiquorum
1251 595 1571 667 poetarum
1602 584 1893 646 iambicas
1932 587 2342 666 paraphrases
2380 588 2729 667 composuit

482 701 608 752 tum
668 689 888 751 eodem
945 691 1196 750 artificio
1259 687 1618 750 Callimachi
1679 689 2032 748 memoriam
2099 708 2403 749 renovare
2467 689 2724 763 studuit,

483 793 760 855 scribens
803 783 1171 871 μετάφρασιν
1215 783 1600 868 Καλλιμάχου
1636 775 1912 866 Ἑκάλης,
1956 782 2163 863 ὕμνων
2208 785 2310 848 καὶ
2356 789 2474 850 τῶν
2516 787 2729 850 αἰτίων

484 890 584 954 καὶ
627 892 744 952 τῶν
789 884 1277 973 ἐπιγραμμάτων,
1334 887 1399 950 ἐν
1456 883 1695 970 ἰάμβοις
1752 882 1920 967 ςωι’,
1964 901 2031 952 ut
2075 891 2301 954 Suidas
2344 892 2536 952 tradit
2579 913 2629 952 s.
2663 911 2728 951 v.

483 987 814 1073 Μαριανός.
872 995 1070 1075 qualis
1114 1014 1303 1074 opera
1345 995 1496 1054 satis
1538 1001 1755 1073 aperto
1800 992 2030 1054 indicio
2065 1004 2175 1070 est,
2221 1002 2461 1056 tantum
2490 995 2733 1054 afuisse

483 1106 550 1156 ut
597 1096 1012 1158 Callimachea
1051 1097 1322 1156 carmina
1365 1115 1441 1156 ea
1483 1104 1631 1155 tunc
1676 1096 2221 1175 frequentarentur
2262 1096 2552 1170 lectione,
2603 1117 2733 1176 qua

487 1199 748 1276 Gregori
791 1198 1180 1258 Nazianzeni
1225 1197 1563 1277 Nonnique
1610 1205 1835 1272 aetate,
1882 1205 1949 1256 ut
1994 1196 2071 1257 ab
2114 1196 2342 1256 iniuria
2388 1196 2731 1258 oblivionis

484 1301 845 1360 imminente
888 1299 1253 1359 viderentur
1293 1299 1557 1359 tutanda
1602 1318 1761 1358 esse.
1854 1318 2044 1378 quare
2100 1297 2213 1358 sub
2271 1297 2425 1358 illud
2480 1307 2733 1378 tempus

488 1401 742 1462 obscuro
767 1400 1008 1461 cuidam
1031 1400 1261 1461 rhetori
1289 1402 1455 1477 utilis
1480 1421 1599 1460 nec
1627 1401 1909 1478 ingratae
1944 1420 2081 1460 esse
2114 1419 2343 1481 operae
2374 1399 2731 1476 videbatur,

485 1505 541 1564 si
587 1523 664 1564 ex
709 1503 888 1563 aetiis
933 1503 1160 1564 veteris
1205 1512 1432 1584 poetae
1482 1523 1617 1562 eam
1661 1501 1949 1575 fabulam,
1999 1522 2159 1582 quae
2205 1521 2241 1560 a
2283 1502 2499 1582 lepido
2546 1523 2734 1581 argu-

485 1614 694 1664 mento
741 1605 1036 1664 amatorio
1082 1615 1332 1684 praeter
1386 1613 1625 1664 ceteras
1682 1603 2013 1678 arrideret,
2074 1605 2444 1683 exprimeret
2486 1604 2603 1678 ita,
2664 1613 2738 1663 ut

489 1707 570 1767 ad
615 1707 848 1766 saeculi
893 1725 1169 1780 sensum,
1230 1714 1397 1766 certe
1443 1706 1527 1766 ad
1572 1727 1773 1780 suum,
1840 1706 2007 1765 illam
2051 1714 2411 1785 appararet,
2470 1707 2737 1766 resectis

490 1809 606 1883 eis,
669 1827 826 1889 quae
871 1829 1086 1889 parum
1140 1809 1206 1867 in
1252 1829 1381 1868 rem
1437 1809 1645 1868 facere
1701 1806 2089 1873 viderentur,
2152 1806 2501 1887 additisque
2546 1808 2739 1866 novis

491 1909 856 1991 quibusdam
935 1911 1331 1970 ornamentis.
1444 1911 1671 1970 etenim
1736 1909 1954 1969 eodem
2026 1929 2095 1968 se
2161 1909 2410 1968 nomine
2473 1908 2740 1968 historia

491 2011 824 2091 Cydippae
855 2011 1326 2072 commendabat
1357 2033 1478 2092 quo
1512 2021 1815 2091 cognatae
1849 2032 1999 2091 quas
2031 2019 2239 2071 narrat
2267 2012 2302 2071 Ι
2324 2021 2376 2085 5,
2409 2012 2442 2069 Ι
2466 2017 2550 2084 13,
2583 2012 2618 2070 Ι
2650 2021 2737 2084 15,

492 2114 771 2193 epistulis
816 2115 904 2173 ita
948 2115 1248 2175 immixtas
1268 2160 1282 2189 ,
1341 2124 1408 2174 ut
1462 2133 1545 2173 ne
1590 2115 1800 2194 specie
1857 2113 2105 2193 quidem
2145 2112 2273 2173 ulla
2333 2113 2749 2192 epistularum*

491 2214 689 2274 obiter
735 2233 840 2274 eas
887 2214 1202 2275 obducere
1249 2216 1583 2290 curaverit,
1641 2214 1704 2275 id
1754 2215 1921 2295 quod
1965 2215 2115 2274 fecit
2157 2215 2226 2273 II
2274 2223 2356 2276 15.
2377 2211 2422 2291 ¹)
2511 2215 2743 2274 inania

490 2323 736 2375 tantum
782 2319 1036 2375 nomina
1079 2319 1366 2397 praefixit
1412 2326 1709 2377 externae
1756 2316 2145 2397 aequalitatis
2191 2335 2422 2375 caussa.

663 2433 1194 2515 Circumspicienti
1240 2443 1442 2496 autem
1491 2437 1836 2516 exemplum
1883 2434 2139 2516 aliquod
2186 2454 2219 2494 e
2266 2435 2447 2494 simili
2494 2455 2742 2513 genere

491 2537 754 2615 petitum
813 2538 910 2596 cui
951 2537 1428 2597 Aristaeneteae
1483 2539 1881 2618 paraphrasis
1927 2537 2083 2596 ratio
2131 2537 2503 2611 conferatur,
2548 2537 2742 2597 Phi-

491 2639 690 2698 lostr
708 2647 1000 2699 aterum
1043 2640 1424 2718 imagines
1457 2659 1595 2699 sese
1629 2640 1910 2699 offerunt.
1974 2657 2242 2719 namque
2276 2638 2497 2698 eodem
2526 2657 2743 2718 paene

492 2741 745 2800 artificio
818 2741 913 2800 usi
985 2737 1418 2801 Aristaenetus
1492 2740 1853 2800 Callimachi
1916 2741 2299 2821 Cydippam,
2369 2740 2744 2800 Philostrati

495 2841 804 2919 imagines
866 2861 1256 2903 enarravere.
1349 2850 1416 2900 ut
1471 2842 1905 2903 Aristaenetus
1969 2862 2391 2922 quaecumque
2452 2842 2534 2900 ad
2593 2863 2742 2921 per-

495 2962 680 3003 sonas
741 2943 1129 3004 definiendas
1183 2945 1478 3024 locosque
1538 2943 1981 3022 significandos
2048 2945 2436 3023 pertinerent
2502 2945 2746 3024 pariter

497 3043 715 3118 omisit,
737 3044 824 3104 ita
855 3043 947 3104 illi
976 3045 1145 3125 ipsas
1178 3046 1491 3106 hominum
1521 3065 1847 3125 rerumque
1879 3047 2105 3106 formas
2136 3053 2199 3105 et
2226 3039 2745 3126 compositionem

493 3315 653 3365 floret
687 3313 787 3364 illa
823 3314 1043 3380 puellae
1079 3315 1255 3366 instar
1291 3331 1340 3364 e.
1367 3331 1417 3381 q.
1443 3330 1488 3365 s.
1538 3315 1777 3380 denique
1804 3319 1981 3366 restat
2006 3315 2555 3379 commemorandum,
2592 3317 2751 3381 quod

495 3401 554 3449 in
579 3398 855 3464 Agathiae
881 3399 1068 3450 verbis
1095 3400 1244 3450 anth.
1274 3400 1336 3450 P.
1363 3400 1472 3450 VII
1508 3400 1624 3463 583,
1655 3402 1683 3449 1
1711 3385 1762 3450 'A
1789 3391 1927 3464 βάλε
1952 3390 2093 3466 μηδ’
2124 3391 2387 3465 ἐγένοντο
2413 3391 2586 3466 γάμοι
2612 3402 2748 3451 imi-

497 3483 634 3533 tatio
670 3484 910 3534 fortasse
946 3485 1094 3535 inest
1129 3500 1238 3534 non
1274 3484 1449 3535 solum
1489 3485 1905 3550 epigrammatis
1943 3484 2311 3535 Callimachei
2349 3485 2429 3548 17,
2469 3488 2496 3534 1
2523 3474 2750 3550 Ὦφελε

495 3558 637 3632 μηδ’
668 3558 927 3632 ἐγένοντο
964 3565 1110 3619 θοαὶ
1147 3563 1296 3634 νέες,
1336 3569 1432 3620 sed
1472 3572 1643 3620 etiam
1678 3569 1994 3619 hemistichi
2033 3569 2176 3635 quod
2209 3585 2355 3619 nunc
2393 3574 2477 3620 est
2502 3570 2607 3636 frg.
2638 3573 2751 3623 455

494 3637 535 3701 οἶ
583 3647 721 3716 βοὶλε
765 3644 908 3716 μηδ’
945 3643 1258 3718 ἀβόλησαν.
1332 3654 1404 3705 cf.
1439 3654 1715 3704 Naekium
1752 3654 1895 3704 Hec.
1936 3671 1987 3719 p.
2029 3656 2128 3706 156
2152 3669 2231 3719 sq.
2295 3659 2355 3704 at
2396 3654 2501 3704 hoc
2548 3658 2609 3704 ut
2660 3659 2751 3706 ita

497 3738 595 3798 sit,
643 3736 977 3787 Callimachi
1024 3738 1134 3788 ista
1181 3752 1393 3804 quoque
1440 3739 1615 3789 verba
1661 3737 1834 3790 facile
1871 3740 1930 3789 in
1968 3738 2383 3805 epigrammatis
2418 3738 2560 3804 legit
2594 3739 2753 3806 Aga-

496 3822 659 3872 thias.
733 3837 957 3887 quorum
1014 3823 1232 3888 quidem
1286 3825 1551 3874 maiorem
1606 3838 1728 3873 eum
1774 3838 1937 3889 quam
1980 3839 2081 3875 nos
2136 3839 2418 3874 numerum
2474 3823 2751 3876 habuisse

496 3911 704 3957 certum
741 3911 840 3958 est.

633 4007 674 4072 ¹)
725 4009 799 4058 Et
844 4009 987 4060 haec
1034 4010 1324 4062 historiola
1373 4014 1429 4060 et
1465 4010 1491 4058 Ι
1529 4012 1560 4060 5
1596 4010 1773 4060 iustae
1812 4013 1941 4060 sunt
1975 4008 2203 4061 fabulae
2239 4009 2587 4061 Milesiacae.
2669 4013 2747 4062 cf.

497 4091 832 4157 Dunlopium
870 4093 1204 4145 Geschichte
1241 4095 1339 4145 der
1365 4094 1879 4160 Prosadichtungen
1904 4093 2276 4160 ucbertragen
2304 4098 2411 4148 etc.
2436 4109 2547 4146 von
2571 4095 2748 4146 Lieb-

499 4175 658 4225 recht
701 4193 754 4241 p.
801 4178 917 4228 194.
999 4181 1243 4229 ceterum
1286 4179 1617 4230 Aeschineis
1664 4193 1876 4245 quoque
1925 4177 2177 4244 epistulis
2224 4176 2331 4242 (10)
2386 4193 2499 4228 una
2544 4177 2710 4230 fabul

499 4257 795 4310 Milesiaca
827 4261 1040 4312 inserta
1072 4261 1296 4326 legitur.
