2917 4992
1375 339 1796 404 „94-

473 516 655 576 simul
709 514 858 595 quid
914 514 1077 574 facto
1147 533 1300 594 opus
1356 515 1436 574 sit
1502 513 1669 573 idem
1733 511 2059 593 pellucidis
2112 511 2319 572 verbis
2374 513 2703 593 praecipit.

471 617 584 678 sed
603 626 671 676 ut
693 615 1122 676 reconditioris
1146 615 1387 696 aliquid
1410 614 1761 674 sententiae
1784 622 1971 696 atque
1996 615 2366 693 allegoricae
2384 616 2703 690 orationis,

472 719 670 798 qualis
717 717 898 778 decet
940 718 1255 797 Pythiam,
1303 716 1742 776 admisceretur
1782 717 1937 790 illis,
1982 717 2139 776 haec
2180 717 2359 777 simul
2404 716 2703 777 eduntur:

470 811 662 890 ἄλλως
705 839 767 877 τε
810 815 1139 894 Κυδίππην
1178 811 1460 900 Ἀκοντίῳ
1504 808 1824 876 συνάπτων
1881 805 1954 876 οὗ
2010 807 2296 896 μόλιβδον
2338 805 2415 875 div
2456 832 2706 877 συνεπι-

469 921 662 998 μίξαις
688 912 953 1000 ἀργύρῳ,
981 908 1114 978 ἀλλ’
1151 916 1521 1000 ἑκατέρωθεν
1548 911 1583 978 ὁ
1610 910 1797 997 γάμος
1825 914 1986 977 ἔσται
2017 919 2290 997 χρυσοῦς.
2338 929 2706 999 expectares

467 1011 598 1082 ἄλλ’
649 1018 1014 1100 ἑκατέρωθεν
1056 1011 1089 1080 ὃ
1131 1012 1319 1099 γάμος
1360 1018 1522 1080 ἔσται
1563 1011 1891 1102 ἀργυροῦς,
1923 1017 1971 1098 ¹)
2038 1040 2252 1080 verum
2305 1030 2513 1081 amant
2569 1042 2709 1081 cum

471 1123 886 1184 Alexandrini
930 1132 1154 1204 poetae
1197 1133 1326 1184 tum
1369 1123 1743 1184 fabulatores
1790 1123 2229 1202 exaggerando
2264 1143 2339 1183 ea
2383 1143 2705 1204 superare,

475 1246 634 1307 quae
658 1226 1034 1304 cogitatione
1056 1246 1432 1306 praesumas.
1492 1225 1607 1286 deo
1640 1224 1897 1306 obsequi
1927 1234 2222 1305 properat
2249 1234 2429 1304 pater
2454 1227 2708 1306 iamque

472 1327 894 1387 iusiurandum
948 1328 1256 1407 impletur.
1357 1346 1523 1386 nunc
1595 1325 1837 1387 demum
1893 1328 2174 1387 arcessiri
2232 1328 2433 1406 cogita
2488 1326 2707 1386 adule-

473 1429 810 1490 scentulum
875 1431 941 1488 in
997 1439 1320 1509 paternam
1377 1428 1710 1508 Cydippae
1758 1427 2032 1503 domum,
2090 1448 2256 1488 nune
2310 1429 2572 1508 primum
2625 1429 2707 1488 ab

472 1531 582 1590 illa
628 1550 764 1590 eum
809 1532 1085 1610 conspici
1129 1540 1192 1591 et
1246 1530 1410 1611 quod
1469 1529 1723 1590 credere
1778 1551 1894 1610 par
1939 1539 2033 1590 est
2077 1531 2285 1590 amari.
2372 1550 2491 1590 nec
2538 1531 2709 1590 enim

470 1633 618 1693 Deli
665 1652 801 1692 eum
856 1632 1014 1691 vidit
1068 1633 1272 1710 virg0,
1339 1633 1509 1712 quod
1564 1630 1830 1692 suadent
1873 1633 2085 1692 Latini
2127 1652 2343 1692 versus
2390 1652 2490 1712 ep.
2535 1633 2710 1692 XXI

473 1745 577 1797 103
620 1753 788 1814 sqq„
859 1753 977 1793 nec
1032 1735 1232 1814 potuit
1287 1743 1511 1813 postea
1564 1733 1802 1793 videre.
1904 1741 1967 1792 at
2032 1734 2196 1793 enim
2260 1734 2539 1809 mirifice,
2607 1735 2706 1792 in-

472 1836 645 1916 quies
665 1881 679 1909 ,
728 1855 846 1894 nec
891 1835 1189 1896 decenter
1230 1833 1757 1915 probabiliterque
1798 1836 1917 1895 hoc
1958 1836 2225 1896 instituit
2253 1845 2483 1915 poeta,
2532 1837 2705 1916 quod

475 1935 807 2018 Cydippae
838 1938 1117 1996 maritum
1161 1938 1430 2017 aliquem
1459 1937 1586 1996 fato
1616 1936 1965 1996 inevitabili
1995 1935 2482 2017 praevalidoque
2514 1946 2707 2017 atque

473 2039 657 2097 etiam
700 2059 1061 2098 aerumnoso
1108 2039 1256 2098 facit
1300 2039 1627 2098 obtrusum.
1715 2039 1824 2098 vix
1868 2038 2011 2098 dum
2056 2039 2221 2098 enim
2248 2040 2445 2099 visum
2489 2037 2708 2098 adule-

471 2141 811 2200 scentulum
874 2142 996 2200 iam
1061 2141 1178 2202 deo
1243 2140 1498 2201 iubente
1568 2139 1759 2200 habet
1819 2141 2116 2199 maritum.
2227 2139 2341 2200 sed
2405 2140 2710 2219 peculiari

468 2243 712 2302 ratione
755 2243 918 2302 hunc
960 2244 1276 2324 scopulum
1321 2263 1358 2301 a
1403 2242 1780 2303 Callimacho
1840 2243 2132 2308 evitatum
2190 2243 2496 2321 suspicor,
2554 2243 2710 2302 licet

470 2344 558 2402 ita
588 2353 654 2402 ut
698 2345 1129 2423 perfectiorem
1157 2345 1264 2404 vix
1293 2343 1444 2403 inde
1475 2343 1820 2403 reddiderit
1849 2344 2094 2404 fabulae
2131 2344 2705 2404 conformationem.

473 2446 704 2504 etenim
748 2445 914 2524 apud
957 2447 1143 2520 illum,
1191 2448 1256 2505 ni
1300 2446 1500 2520 fallor,
1546 2428 1709 2505 ultra
1739 2446 1921 2504 etiam
1953 2445 2145 2504 valuit
2174 2446 2439 2504 numinis
2486 2467 2705 2525 opera,

471 2546 537 2605 id
583 2555 703 2621 est,
771 2545 1066 2627 Cydippa
1109 2536 1292 2605 κατὰ
1336 2550 1554 2605 θεῖον
1600 2547 1819 2606 dilexit
1860 2547 2058 2606 visum
2102 2547 2306 2606 statim
2350 2547 2705 2608 Acontium.

471 2669 614 2707 nam
657 2650 722 2708 in
767 2649 884 2709 hoc
925 2651 1126 2730 ipsum
1179 2670 1375 2730 genus
1431 2648 1775 2710 fabularum
1818 2649 1971 2708 illud
2017 2649 2311 2709 convenit
2365 2650 2705 2724 artificium,

472 2770 592 2829 quo
662 2751 1028 2828 expleantur
1079 2752 1282 2812 hiatus
1338 2771 1566 2811 nexum
1616 2752 2139 2830 interrumpentes
2184 2771 2385 2810 rerum
2428 2751 2533 2810 vel
2581 2771 2707 2832 quo

467 2849 624 2910 fides
671 2853 1029 2912 concilietur
1069 2854 1332 2912 mirificis
1377 2873 1577 2912 rerum
1622 2852 2033 2914 concursibus
2124 2852 2292 2932 quod
2334 2861 2402 2912 ut
2446 2873 2483 2911 a
2515 2852 2712 2914 Calli-

470 2953 684 3013 macho
718 2973 965 3033 quoque
995 2953 1242 3014 credam
1272 2953 1589 3029 adscitum,
1634 2975 1731 3014 me
1762 2955 2025 3014 maxime
2053 2962 2263 3014 movet
2293 2954 2542 3015 fabulae
2574 2977 2711 3015 non

471 3073 593 3113 uno
639 3055 891 3114 nomine
938 3051 1066 3115 eius
1114 3075 1295 3135 quam
1337 3065 1667 3118 tractamus
1713 3057 1924 3118 similis
1971 3055 2367 3136 comparatio.
2442 3076 2587 3114 nam
2621 3056 2709 3117 de

473 3154 523 3215 C
535 3165 651 3216 tes
668 3157 863 3236 ylla,
912 3177 1070 3238 quae
1100 3159 1238 3237 ipsa
1269 3179 1515 3239 quoque
1546 3180 1679 3218 cum
1706 3179 1937 3239 sponso
1970 3163 2096 3218 non
2142 3157 2275 3216 viso
2306 3157 2709 3218 iureiurando

468 3260 756 3338 copulata
781 3273 929 3334 erat,
955 3260 1273 3320 Nicander
1298 3269 1661 3322 narraverat
1682 3259 1975 3336 tradente
1988 3259 2310 3319 Antonino
2333 3257 2612 3318 Liberali
2639 3268 2662 3319 l
2689 3281 2708 3318 ε

469 3356 572 3417 καὶ
615 3353 653 3434 ἡ
697 3363 838 3430 παῖς
879 3350 1063 3420 αὐτὸν
1106 3359 1313 3421 ἰδοῦσα
1356 3353 1507 3422 κατὰ
1549 3366 1723 3422 θεῖον
1765 3353 2079 3441 ἠράσθη.2)
2172 3370 2233 3420 et
2264 3359 2503 3420 accedit
2533 3361 2713 3440 quod

609 3611 646 3678 ¹)
693 3612 909 3665 Similia
953 3614 1100 3680 fere,
1147 3615 1246 3666 sed
1289 3619 1350 3664 ut
1394 3630 1498 3680 par
1544 3618 1664 3664 erat
1708 3614 2038 3678 modestius,
2086 3613 2349 3665 Acontius
2398 3615 2543 3680 apud
2593 3615 2708 3667 Ov.

475 3699 574 3749 219
599 3714 714 3764 sqq.
749 3698 1004 3764 loquitur.

607 3783 650 3846 ²)
696 3784 855 3849 Apud
892 3775 1123 3835 eundem
1156 3783 1493 3834 Antoninum
1530 3799 1575 3835 c.
1614 3786 1677 3834 12
1714 3787 1769 3834 et
1807 3787 1898 3850 13,
1936 3784 2032 3834 ubi
2066 3784 2211 3834 idem
2248 3784 2571 3850 exprimitur
2603 3785 2711 3835 Ni-

477 3870 696 3932 cander,
735 3884 832 3934 pro
868 3862 1014 3918 κατὰ
1053 3860 1198 3920 θεόν
1233 3870 1321 3920 bis
1357 3869 1573 3920 scribas
1609 3860 1755 3920 κατὰ
1795 3868 1985 3920 θεῖον.
2057 3885 2124 3918 ea
2161 3869 2303 3919 enim
2340 3868 2555 3920 ratione
2590 3884 2713 3920 vox

475 3953 642 4012 θεῖος
677 3953 1005 4019 saepissime
1043 3954 1341 4004 obscurata
1377 3961 1465 4005 est
1497 3953 1848 4006 librariorum
1872 3954 2105 4003 incuria.
2156 3953 2228 4003 cf.
2254 3953 2507 4004 Bastium
2533 3954 2707 4020 epist.

474 4039 597 4089 crit.
636 4039 870 4106 append.
909 4054 961 4103 p.
989 4039 1072 4091 51.
1143 4043 1389 4089 ceterum
1422 4055 1475 4092 v.
1500 4039 1725 4090 Suidam
1760 4055 1803 4090 s.
1828 4053 1882 4090 v.
1919 4031 2068 4088 κατὰ
2104 4037 2293 4091 θεῖον.
2364 4038 2710 4090 Parthenius

471 4138 618 4173 narr.
665 4140 769 4174 am.
815 4127 868 4174 9:
1104 4115 1402 4188 παρθένος
1443 4113 1875 4190 ἀπολειφθεῖσα
1927 4118 2113 4173 κατ’-α’
2162 4139 2322 4174 τινα
2378 4120 2710 4189 δαίμονα

473 4199 534 4259 ἔν
571 4205 766 4273 Δηλίῳ
811 4201 966 4274 ἱερῷ,
1016 4203 1048 4258 ὁ
1094 4207 1339 4274 πλησίον
1381 4208 1485 4274 τῆς
1532 4202 1747 4269 πόλεως
1790 4211 1979 4260 κεῖται
2026 4235 2089 4244 -
2137 4205 2465 4272 Πολυκρίτη
2512 4197 2711 4274 ὄνομα

469 4282 621 4358 αὐτῇ
655 4319 724 4330 -
757 4284 859 4343 τὸν
892 4291 1006 4343 τῶν
1033 4281 1396 4358 Ἐρυθραίων
1430 4285 1688 4360 ἡγεμόνα
1724 4285 2047 4359 Διόγνητον
2084 4287 2238 4344 εἷλεν
2275 4309 2322 4344 e.
2358 4308 2409 4358 q.
2444 4307 2490 4342 s.
