2917 4992
1111 369 1579 434 ...145-

378 543 523 602 siste
567 550 824 615 metum,
874 541 1070 619 virgo.
1131 540 1337 602 stabili
1381 543 1621 623 potiere
1666 542 1895 603 salute:

231 651 337 705 180
465 645 564 704 fac
607 642 792 704 modo
839 643 1098 722 polliciti
1144 645 1392 703 conscia
1433 645 1670 724 templa
1714 644 1901 706 colas.

371 764 499 804 non
541 743 705 804 bove
749 753 1014 804 mactato
1061 744 1356 804 coelestia
1397 747 1653 805 numina
1696 745 2003 824 gaudent,

453 845 567 906 sed
613 866 773 926 quae
815 845 1255 926 praestandast
1300 854 1362 906 et
1405 847 1543 907 sine
1585 854 1745 907 teste
1788 847 1934 908 fide.

370 955 436 1006 ut
478 937 762 1022 valeant,
810 947 972 1007 aliae
1017 947 1244 1006 ferrum
1288 948 1606 1027 patiuntur
1651 956 1713 1008 et
1754 950 1961 1027 ignes,

451 1048 575 1107 fert
617 1049 753 1108 aliis
795 1049 1033 1109 tristem
1076 1067 1253 1108 sucus
1299 1069 1538 1108 amarus
1586 1069 1787 1128 opem.

225 1157 328 1211 185
375 1147 465 1208 nil
510 1169 663 1230 opus
711 1159 807 1209 est
847 1151 1015 1210 istis:
1075 1158 1314 1210 tantum
1356 1151 1629 1230 periuria
1670 1152 1828 1225 vita,

452 1259 639 1334 teque
681 1251 859 1311 simul
903 1271 1084 1312 serva
1125 1271 1348 1331 meque
1396 1250 1727 1331 datamque
1768 1251 1972 1312 fidem.

367 1353 740 1430 praeteritae
782 1355 1030 1413 veniam
1077 1352 1248 1412 dabit
1289 1354 1647 1431 ignorantia.
1690 1355 1941 1433 culpae:

453 1452 813 1514 exc-iderant
859 1454 1062 1514 animo
1103 1453 1362 1514 foedera
1403 1455 1568 1514 lecta
1609 1463 1736 1515 tuo.

369 1552 683 1615 admonita
729 1575 794 1616 es
837 1553 1023 1615 modo
1067 1574 1223 1616 voce
1265 1575 1405 1615 mea
1446 1555 1632 1615 modo
1680 1555 1919 1616 casibus
1965 1558 2127 1632 istis,

223 1664 327 1717 190
457 1675 642 1736 quOS,
691 1649 976 1737 quotiens
1020 1666 1285 1736 temptas
1331 1657 1581 1730 fallere,
1631 1657 1793 1716 ferre
1838 1659 2025 1718 soleS.

365 1757 460 1815 his
507 1741 752 1838 quoque
796 1760 1005 1818 vitatis
1049 1761 1113 1818 in
1160 1767 1341 1837 partu
1385 1777 1611 1837 nempe
1653 1757 1931 1835 rogabiS,
1958 1750 1975 1758 ’

446 1867 515 1918 ut
555 1858 668 1918 tibi
709 1860 994 1919 luciferas
1041 1860 1256 1920 afferat
1299 1859 1408 1919 illa
1451 1879 1688 1918 manus.

364 1959 602 2034 audiet,
648 1960 772 2020 heu
814 1969 1107 2040 repetens
1155 1979 1313 2041 quae
1359 1961 1485 2020 sint
1528 1961 1773 2021 audita:
1818 1963 2121 2042 requiret,

446 2062 563 2120 iste
605 2060 719 2121 tibi
766 2061 846 2120 de
893 2081 1013 2142 quo
1060 2063 1322 2140 coniuge
1366 2071 1578 2141 partus
1626 2071 1746 2122 eat.

217 2171 322 2224 195
366 2163 686 2241 promittes
729 2171 973 2223 votum:
1033 2165 1146 2224 scit
1189 2173 1252 2224 te
1297 2165 1655 2243 promittere
1700 2163 1879 2224 falso.

445 2263 705 2324 iurabis:
765 2266 881 2324 scit
922 2263 988 2324 te
1032 2265 1255 2325 fallere
1300 2285 1485 2344 posse
1532 2265 1705 2325 deos.

361 2385 488 2423 non
534 2365 736 2444 agitur
778 2365 857 2425 de
900 2386 1030 2427 me:
1093 2387 1238 2426 cura
1278 2367 1511 2427 maiore
1554 2365 1801 2427 laboro:

447 2467 632 2524 anxia
677 2474 819 2525 sunt
860 2465 1028 2527 vitae
1072 2476 1326 2546 pectora
1371 2476 1583 2528 nostra
1625 2476 1790 2528 tuae.

359 2586 465 2626 cur
505 2566 689 2626 modo
733 2576 798 2626 te
844 2565 1090 2627 dubiam
1133 2568 1350 2648 pavidi
1392 2570 1623 2628 flevere
1650 2565 1990 2647 parentes,

213 2677 325 2730 200
448 2668 698 2746 ignaros
745 2663 963 2749 culpae
1011 2690 1164 2749 quos
1209 2671 1360 2728 facis
1407 2689 1545 2729 esse
1588 2670 1775 2729 tuae?

361 2778 424 2829 et
469 2789 575 2828 cur
616 2770 952 2847 ignorant?
997 2771 1190 2830 matri'
1217 2772 1365 2829 licet
1411 2771 1615 2829 omnia
1660 2791 1895 2830 narres.

444 2872 535 2930 nil
577 2879 716 2947 tua,
766 2871 1092 2952 Cydippe,
1138 2872 1302 2930 facta
1344 2870 1581 2931 ruboris
1627 2871 1879 2932 habent.

360 2971 579 3031 ordine
625 2973 724 3031 fac
766 2973 1031 3047 referaS,
1077 2981 1146 3032 ut
1188 2974 1270 3032 sis
1313 2974 1463 3032 mihi
1509 2975 1759 3051 cognita
1800 2975 2091 3054 primum,

443 3093 618 3134 sacra
661 3073 1058 3152 pharetratae
1105 3073 1248 3133 dum
1291 3075 1440 3134 facit
1483 3076 1622 3155 ipsa
1669 3075 1858 3148 deae,

209 3185 318 3237 205
360 3183 429 3234 ut
470 3183 534 3234 te
581 3182 916 3254 conspecta
959 3174 1190 3248 subit0‚
1231 3177 1291 3236 'si
1335 3177 1496 3236 forte
1541 3178 1797 3250 notasti,

351 3392 406 3427 v.
445 3377 546 3427 180
575 3377 778 3440 polictti
811 3375 868 3429 S.
905 3403 973 3412 —-
1006 3393 1063 3428 v.
1096 3377 1189 3427 181
1228 3393 1328 3426 non
1367 3376 1414 3427 G
1439 3377 1493 3437 S,
1530 3393 1624 3426 nec
1647 3377 1693 3425 L
1719 3376 1825 3425 Ρ2.
1865 3401 1927 3411 ——
1965 3391 2018 3426 v.
2047 3377 2145 3427 183
2169 3392 2252 3443 sq.
2287 3382 2348 3427 ut
2384 3395 2451 3428 ex

209 3477 348 3514 rem.
377 3462 477 3511 227
497 3475 614 3526 sqq.
653 3461 1145 3512 confertuminatos
1181 3476 1292 3511 non
1325 3461 1530 3509 iniuria
1554 3463 1839 3525 suspectat
1862 3459 1921 3510 C.
1950 3461 2449 3528 Zangemeisterus.

212 3545 294 3598 cf.
319 3545 486 3595 etiam
513 3559 682 3594 amor.
707 3545 791 3595 111
816 3547 894 3609 11,
923 3547 972 3598 8.
1024 3550 1082 3596 at
1106 3543 1341 3595 simulv.
1371 3545 1469 3595 185
1488 3560 1567 3610 sq.
1597 3541 1925 3636 expellendi.
1969 3545 2043 3596 cf.
2072 3547 2203 3596 fast.
2230 3547 2447 3612 IV926‚

213 3647 286 3680 ex
320 3631 384 3680 P.
409 3630 470 3680 II
495 3631 543 3693 7,
571 3630 654 3692 84,
695 3630 836 3680 trist.
874 3631 923 3680 V
959 3631 1050 3690 14,
1077 3632 1160 3680 20.
1227 3631 1503 3695 paciantur
1540 3645 1573 3679 a
1596 3645 1675 3694 pr.
1704 3645 1771 3679 m.
1803 3626 1897 3680 G.
1897 3655 1961 3666 —-
1996 3645 2051 3681 v.
2079 3631 2177 3680 184
2209 3631 2447 3694 sucusL,

207 3729 394 3764 succus
430 3711 591 3763 GPa
617 3690 671 3763 S.
709 3739 777 3750 —
811 3731 864 3765 v.
905 3713 1002 3764 189
1047 3716 1313 3764 ammonita
1347 3714 1455 3764 Ρ2,
1526 3729 1635 3763 cum
1668 3714 1867 3764 casibus
1903 3713 1951 3764 G
1986 3716 2032 3765 L
2070 3713 2123 3765 S.
2162 3741 2225 3750 —
2261 3730 2312 3767 v.
2352 3715 2453 3764 190

211 3805 396 3848 temtus
431 3813 466 3848 a
499 3813 578 3863 pr.
615 3814 684 3847 m.
724 3796 802 3861 G,
847 3800 1028 3863 per-92⁸8
1063 3797 1118 3851 S.
1157 3825 1221 3832 —-
1265 3814 1315 3850 v.
1353 3799 1451 3848 193
1497 3799 1671 3848 audiet
1713 3798 1839 3848 haec·
1875 3797 1923 3848 G
1957 3797 2004 3846 L
2041 3799 2130 3848 Ρ2
2165 3797 2230 3860 S,
2277 3799 2451 3848 audiet

211 3882 387 3933 eted.
426 3882 581 3932 Rom.
621 3884 769 3933 1471.
820 3882 1019 3948 scripsi
1053 3884 1253 3942 audiet,
1291 3883 1404 3932 heu.
1476 3889 1593 3932 sunt
1626 3883 1805 3932 audita
1838 3883 1884 3931 L
1923 3882 1975 3932 S.
2012 3907 2079 3916 —
2113 3898 2167 3932 v.
2203 3882 2301 3931 194
2334 3882 2452 3946 ipsa

207 3964 365 4028 libri,
402 3966 604 4031 scripsi
627 3968 724 4017 iste
751 3971 806 4016 et
828 3958 1040 4017 mutari
1062 3966 1577 4031 interpunctionem.
1630 3972 1744 4015 erat
1767 3965 1832 4014 L.
1869 3992 1934 4001 --
1971 3981 2023 4018 v.
2066 3967 2164 4016 195
2194 3966 2451 4030 promittis

208 4049 322 4103 Ρ2,
362 4077 426 4086 -
461 4065 514 4102 v,
553 4051 650 4100 198
685 4053 834 4101 anaia
866 4052 933 4101 L.
974 4077 1037 4086 —
1081 4065 1132 4101 v.
1169 4052 1270 4101 200
1303 4065 1396 4099 cur
1429 4052 1551 4100 licet
1582 4065 1693 4100 esse
1727 4050 1833 4099 P2.
1878 4073 1930 4084 -
1970 4065 2026 4100 v.
2063 4050 2161 4100 201
2198 4049 2324 4098 haec
2358 4065 2451 4098 cur

206 4137 454 4199 ignorant
486 4134 595 4197 Ρ2,
634 4141 684 4184 et
719 4151 810 4185 cur
843 4137 1078 4200 ignorent
1116 4134 1178 4185 G.
1207 4161 1270 4170 —
1305 4149 1356 4185 v.
1381 4135 1483 4183 204
1510 4135 1643 4197 facit
1680 4133 1851 4182 codex
1888 4149 2026 4183 unus
2063 4132 2446 4198 interpolatus,

202 4219 348 4282 facis
395 4218 613 4284 reliqui.
684 4218 820 4268 illud
870 4219 974 4268 coi.
1023 4220 1192 4268 etiam
1239 4217 1487 4283 Cuperus
1533 4219 1590 4266 in
1636 4218 1940 4266 Burmanni
1985 4217 2109 4282 syll.
2160 4218 2347 4283 epistt.
2395 4218 2451 4267 Il

197 4311 272 4367 '.p
296 4303 414 4352 Ἰ100.
482 4319 534 4354 v.
574 4318 714 4369 quae
751 4303 1150 4368 disputavimus
1185 4321 1238 4368 p.
1277 4303 1344 4353 55
1380 4307 1436 4352 et
1469 4304 1525 4351 in
1564 4302 1831 4352 addendis
1869 4302 1939 4352 ad
1974 4302 2030 4352 h.
2066 4318 2121 4368 p.

317 4400 860 4450 DILTHnr‚cAL1.1n.
975 4443 980 4448 ,
1964 4385 2045 4448 10
