2917 4992
1115 326 1525 396 -55-

185 527 334 565 cum
404 505 702 585 reliquiae
774 510 986 562 nostra
1051 504 1236 562 etiam
1307 503 1600 562 memoria
1664 503 1812 562 Deli
1878 512 2164 582 repertae
2220 501 2441 581 sunt¹).

187 608 519 686 Apollinis
577 595 878 683 κεράτειος
919 595 1119 680 βωμός
1172 605 1337 664 inter
1391 605 1531 683 ipsa
1594 613 1835 684 septem
1878 606 2169 665 miracula
2210 606 2440 664 refere-

189 708 386 768 batur
400 703 479 782 ²),
523 727 643 767 nec
672 708 870 766 minus
903 705 1234 780 celebrata,
1284 726 1444 786 quae
1487 705 1803 785 Apollinis
1848 726 1990 766 arae
2038 715 2171 766 erat
2216 708 2437 782 vicina,

188 798 473 869 Latonia
526 809 732 888 palma
744 803 817 885 3).
907 809 1064 867 haec
1127 809 1310 886 igitur
1388 808 1712 866 mirantem
1777 808 2049 886 puellam
2118 810 2442 888 conspexit

191 911 521 972 Acontius,
611 928 877 990 namque
925 929 998 970 eo
1043 909 1260 969 valent
1303 909 1519 968 valent
1560 928 1776 969 versus
1821 908 1988 970 XXI
2034 920 2137 974 103
2178 931 2271 990 sq.

503 1063 761 1138 forsitan
805 1063 950 1120 haec
992 1069 1264 1136 spectans
1307 1082 1344 1118 a
1389 1071 1441 1119 te
1485 1065 1793 1135 spectabar
1837 1063 2067 1131 Aconti,

609 1168 843 1240 visaque
886 1167 1221 1238 simplicitas
1265 1171 1354 1222 est
1397 1179 1525 1222 mea
1560 1181 1736 1237 posse
1778 1168 1930 1237 capi.

193 1320 495 1379 continuo
542 1317 676 1390 ille,
723 1324 791 1375 ut
835 1325 1043 1376 narrat
1086 1317 1222 1395 ipse
1271 1336 1369 1395 ep.
1401 1315 1533 1376 XX
1574 1325 1679 1378 205
1708 1337 1876 1396 sqq„
1924 1317 2151 1376 restitit
2192 1318 2328 1378 fixis
2373 1319 2439 1377 in

197 1419 538 1500 Cydippae
593 1417 868 1477 membra
924 1418 1144 1486 oculi5‚
1215 1417 1483 1497 dumque
1544 1418 1794 1476 nimium
1855 1437 1990 1477 eam
2042 1419 2293 1478 miratur
2362 1451 2436 1464 —-

195 1531 337 1580 nota
389 1531 554 1579 certa
608 1521 839 1594 furoris
891 1553 976 1564 -—
1033 1519 1398 1578 deciderunt
1452 1519 1705 1579 humero
1763 1519 1939 1598 lapsa
1995 1521 2202 1599 pallia.
2292 1522 2441 1580 satis

195 1622 493 1681 notabilis
538 1621 694 1680 haec
738 1622 1106 1681 narrationis
1152 1640 1315 1700 pars,
1385 1622 1481 1680 cui
1528 1641 1605 1680 ex
1649 1622 1796 1680 artis
1842 1621 2131 1700 operibus
2193 1630 2442 1703 praeter

149 1723 152 1726 ’
199 1731 408 1782 cetera
468 1723 814 1782 conferrem
867 1722 1128 1782 inlustre
1186 1723 1601 1782 Parthenonis
1658 1722 2081 1802 anaglyphum
2138 1743 2263 1781 non
2322 1724 2441 1783 nisi

205 1825 464 1904 Carreyi
511 1824 947 1902 designatione
991 1832 1320 1898 servatum,
1371 1844 1491 1904 quo
1538 1824 1877 1884 Mercurius
1936 1833 2437 1904 repraesentatus

204 2027 429 2088 videns
474 2026 853 2107 palliumque
899 2025 1102 2086 subita
1144 2028 1471 2087 miratione
1506 2027 1828 2106 delapsum
1872 2028 2151 2088 manibus
2196 2037 2440 2104 tenens,

209 2129 350 2190 dum
407 2127 590 2188 modo
645 2128 802 2187 haec
860 2137 1027 2187 certa
1083 2138 1247 2188 esset
1303 2128 1377 2189 O.
1425 2128 1709 2188 Muelleri
1764 2129 2193 2208 interpretatio
2211 2126 2285 2207 4).
2362 2133 2439 2191 cf.

210 2229 760 2290 Broendstedtium
803 2229 1036 2288 Reisen
1081 2229 1211 2289 und
1255 2231 1509 2290 Vnters.
1550 2229 1676 2290 tab.
1721 2230 1970 2291 XLVII
2016 2238 2108 2304 14,
2156 2232 2443 2291 Muelleri
2525 2225 2551 2232 ”

212 2341 272 2391 et
305 2330 658 2410 Oesterleyi
701 2339 1095 2390 monumenta
1124 2332 1159 2390 I
1197 2330 1322 2391 tab.
1354 2331 1557 2392 XXII
1590 2340 1704 2393 114.
1766 2352 2133 2412 quamquam
2162 2333 2440 2392 Broend·

211 2433 396 2493 stedti
453 2434 806 2492 coniectura
858 2433 1058 2492 minus
1119 2433 1302 2492 etiam
1360 2433 1549 2494 habet
1618 2432 2090 2513 probabilitatis,
2182 2443 2243 2494 et
2296 2455 2440 2494 con·

215 2536 453 2613 gruenti
505 2535 748 2594 ratione
806 2543 1033 2614 poetae
1077 2543 1356 2594 veterum
1414 2535 1639 2595 amoris
1688 2535 1862 2615 quasi
1908 2536 2149 2595 aculeos
2193 2537 2259 2594 in
2304 2537 2441 2616 ipso

348 2803 386 2868 ¹)
433 2805 518 2855 Of.
555 2803 687 2855 Deli
733 2804 1161 2870 descriptionem
1211 2803 1370 2854 modo
1406 2807 1793 2867 memoratam,
1840 2803 2262 2855 Tournefortum
2300 2804 2442 2854 rela-

220 2890 332 2939 tion
363 2879 484 2940 d'un
519 2905 736 2954 voyage
773 2889 846 2937 du
881 2888 1073 2939 levant
1108 2889 1136 2939 1
1172 2904 1225 2953 p.
1261 2890 1380 2939 349.
2393 2885 2399 2892 ’

345 2973 388 3039 ²)
424 2977 507 3024 De
543 2975 654 3024 hac
693 2989 791 3023 ara
828 2974 982 3023 docte
1021 2976 1416 3022 commentatus
1455 2977 1541 3023 est
1564 2971 1821 3023 Osannus
1857 2973 2182 3024 Kunstblatt
2216 2975 2444 3024 heraus-

226 3060 466 3124 gegeben
499 3074 551 3112 v.
589 3059 654 3108 L.
695 3057 904 3108 Schorn
941 3058 1070 3108 1837
1107 3072 1162 3106 n.
1203 3059 1263 3106 11
1291 3073 1372 3124 sq.
1409 3065 1651 3108 ceterum
1689 3059 1741 3108 ei
1778 3073 1899 3108 cum
1934 3059 2119 3109 vicina
2154 3059 2319 3109 fuerit
2356 3075 2445 3109 ce-

229 3142 387 3194 lebris
421 3142 522 3194 illa
563 3159 661 3193 ara
699 3143 769 3192 ad
807 3158 968 3207 quam
1001 3142 1352 3208 Pythagoras
1375 3141 1624 3208 Apollini
1661 3143 1909 3208 genetori
1944 3144 2236 3193 incruenta
2270 3145 2445 3193 sacri-

225 3226 346 3278 ficia
394 3229 804 3278 administrarat
851 3227 945 3290 (cf.
999 3229 1188 3278 Laert.
1227 3227 1389 3293 Diog.
1426 3225 1561 3277 VIII
1598 3226 1709 3289 13),
1757 3227 1888 3277 hinc
1935 3226 2215 3277 Rauchius
2252 3227 2301 3276 d.
2342 3228 2441 3278 ait.

227 3312 275 3362 d.
321 3313 540 3363 Kallim.
598 3329 652 3378 p.
688 3314 754 3362 47
809 3327 942 3362 suae
997 3312 1063 3362 de
1120 3312 1223 3376 frg.
1268 3313 1332 3362 27
1388 3312 1680 3378 suspitioni
1735 3311 1977 3376 aliquam
2030 3311 2444 3376 probabilitatis

227 3397 452 3460 speciem
489 3397 693 3448 addere
730 3401 968 3462 poterat.
1029 3411 1218 3447 verum
1255 3404 1445 3446 contra
1480 3394 1673 3446 valent
1706 3396 1957 3446 Heckeri
1994 3395 2275 3462 disputata
2296 3397 2442 3448 Rau-

229 3480 342 3532 chio
375 3482 565 3548 ignota
602 3485 890 3531 comment.
931 3481 996 3530 de
1037 3481 1185 3534 anth.
1226 3481 1318 3532 Gr.
1359 3482 1491 3533 1843
1526 3497 1578 3546 p.
1616 3483 1731 3532 270.

349 3581 396 3646 ³)
432 3582 517 3633 Cf.
557 3583 970 3633 Boetticherum
1006 3581 1370 3633 Baumkultus
1406 3599 1458 3648 p.
1497 3585 1563 3633 30
1598 3597 1679 3648 sq.
1715 3584 1833 3634 419.

348 3681 388 3746 ⁴¹)
423 3685 581 3747 Quae
621 3685 670 3734 si
704 3700 840 3734 vera
879 3689 1039 3746 esset,
1079 3688 1309 3749 perapte
1347 3688 1538 3749 posset
1574 3685 1741 3735 Ovidi
1776 3685 1931 3736 locus
1970 3687 2441 3752 comparari-met.

229 3767 282 3816 ΙΙ
312 3771 419 3831 726,
455 3769 552 3819 ubi
589 3769 656 3818 de
694 3769 968 3819 Mercurio
1005 3769 1244 3818 Hersam
1283 3769 1663 3834 conspiciente
1701 3770 1928 3820 dicitur:
1978 3770 2249 3835 obstupuit.
2298 3770 2443 3819 idem

230 3850 290 3902 de
320 3853 663 3919 Hippomene
709 3852 1030 3902 Atalantam
1076 3853 1278 3904 nudam
1325 3854 1703 3920 conspiciente
1752 3858 1881 3906 met.
1916 3855 1962 3904 X
2010 3856 2136 3904 580:
2187 3854 2445 3918 obstupuit

231 3940 488 4004 tollensque
521 3954 712 3996 manus,
749 3939 1008 4002 ignoscite,
1047 3940 1197 3988 dixit.
1271 3942 1326 3988 et
1361 3938 1680 4004 Propertius
1716 3938 1764 3988 V
1798 3939 1847 3998 4,
1888 3941 1951 3986 21
1978 3953 2057 4002 sq.
2096 3937 2162 3986 de
2199 3938 2443 4003 Tarpeia

229 4020 431 4072 Tatium
464 4039 654 4088 regem
691 4022 942 4072 vidente:
981 4022 1243 4087 obstupuit
1275 4025 1413 4089 regis
1444 4024 1583 4086 facie
1620 4030 1670 4072 et
1703 4022 1955 4086 reyalibus
1990 4023 2143 4071 armis
2173 4019 2181 4083 Ι
2211 4023 2442 4086 interque

229 4105 394 4158 oblitas
428 4109 627 4158 excidit
659 4124 791 4156 urna
825 4124 1016 4160 manus.
1063 4108 1280 4158 omnino
1317 4123 1432 4161 rem
1467 4107 1573 4156 tibi
1610 4108 1691 4156 ita
1730 4106 1911 4156 animo
1948 4104 2145 4171 fingas,
2181 4110 2243 4155 ut
2266 4107 2443 4157 lacer·

230 4190 296 4240 tis
335 4209 463 4256 prae
511 4191 700 4242 subita
747 4192 1107 4243 admiratione
1157 4194 1360 4242 erectis
1407 4189 1507 4257 (cf.
1542 4191 1795 4241 Iahnium
1844 4189 2126 4241 archaeol.
2164 4191 2352 4242 Aufert.
2387 4208 2441 4256 p.

236 4275 337 4336 116,
372 4277 454 4344 72)
490 4275 724 4343 pallium
759 4277 960 4328 Aconti
999 4293 1066 4328 ex
1101 4282 1261 4343 parte
1299 4275 1583 4343 delapsum
1620 4276 1713 4328 sit.

206 1947 343 1986 esse
403 1925 674 1985 creditur
705 1926 969 1984 Hersam
1017 1924 1310 2004 Cecropis
1352 1926 1543 1988 filiam
1588 1925 1733 1984 dum
1776 1922 2165 1986 canistrifera
2208 1926 2443 1986 incedit

1 3766 4 3811 ι
