2917 4992
1097 331 1564 396 ...109-

247 507 536 568 Nicander
591 505 954 568 Callimachi
1019 506 1287 566 imitator
1339 505 1497 566 illud
1554 505 1731 586 quasi
1792 500 2079 584 τηλαυγὲς
2130 497 2453 582 πρόσωπον

247 611 472 670 nativae
525 607 774 670 fabulae
829 608 1203 687 praefixerit.
1226 604 1275 686 ¹)
1365 627 1635 688 namque
1691 615 1884 668 totum
1928 609 2093 689 pomi
2134 608 2453 668 artificium

246 713 320 770 ita
372 699 462 772 est
504 711 870 771 translatum
915 730 950 770 e
999 708 1359 770 Callimachi
1405 709 1701 790 Cydippa
1740 719 1981 771 tantum
2022 730 2091 770 re
2136 709 2217 770 ad
2264 710 2453 771 Ceam

247 813 544 892 adaptata,
601 821 670 872 ut
723 812 828 871 vel
883 812 1130 890 singula
1183 831 1612 891 recognoscas,
1700 832 1909 894 neque
1965 813 2125 892 fugit
2178 831 2253 872 ea
2308 832 2451 872 con·

245 915 473 993 spiratio
518 915 921 988 Antoninum,
972 913 1136 995 quod
1179 913 1338 973 haec
1381 913 1612 974 docent
1654 913 1785 974 eius
1828 913 2051 974 verba:
2104 898 2145 989 ἦ
2191 909 2301 990 μὲν
2342 895 2453 972 οὖν

245 1009 536 1089 Κτήσυλλα
577 1005 874 1094 ἀπέρριψε
931 1004 996 1073 τὸ
1052 1014 1243 1091 μῆλον
1297 1012 1641 1074 αἰδεσθεῖσα
1700 1009 1802 1072 καὶ
1860 1013 2127 1092 χαλεπαῖς
2178 1005 2452 1094 ἤνεγκεν,

243 1106 416 1195 ὥσπερ
458 1110 554 1176 ὅτε
599 1115 924 1193 Κυδίππην
959 1103 1268 1187 Ἀκόντιος
1319 1109 1702 1192 ἐξηπάτησεν.
1792 1117 2233 1197 paraphrastae
2289 1118 2453 1178 enim

247 1218 438 1279 deberi
483 1217 789 1279 adiectam
819 1219 1150 1300 Cydippae
1179 1220 1561 1279 mentionem
1600 1226 1771 1278 recte
1800 1218 2046 1278 videtur
2088 1219 2454 1279 observasse

241 1321 690 1381 Broenstedtius
747 1321 982 1381 Reisen
1039 1321 1072 1379 Ι
1128 1341 1191 1400 p.
1237 1329 1306 1383 52
1363 1341 1426 1380 n.
1472 1328 1525 1383 6.
1610 1340 1730 1380 nec
1782 1341 1931 1381 vero
1990 1319 2359 1380 abhorrebat
2416 1339 2455 1380 a

242 1422 476 1483 Graecis
522 1423 755 1502 poetis,
800 1431 869 1482 ut
909 1423 1114 1482 alieno
1146 1421 1311 1482 bono
1344 1442 1515 1482 suam
1549 1422 1917 1482 decorarent
1946 1442 2217 1502 operam.
2286 1423 2455 1482 velut

236 1525 404 1584 moris
451 1523 720 1605 quodam
763 1523 944 1584 modo
993 1531 1125 1583 erat
1153 1523 1585 1585 Alexandrina
1629 1531 1865 1598 aetate,
1910 1533 1978 1583 ut
2022 1525 2275 1584 aliorum
2318 1544 2453 1584 ver·

236 1645 322 1685 sus
363 1635 686 1706 poetarum
730 1626 1078 1686 domesticis
1122 1627 1548 1686 insererentur
1586 1626 1833 1704 integri,
1878 1626 1983 1685 vel
2028 1646 2147 1705 quo
2194 1623 2454 1685 admira·

233 1728 307 1786 tio
347 1727 724 1788 indicaretur
767 1729 1131 1808 antiquioris
1176 1728 1482 1802 carminis,
1526 1727 1631 1786 vel
1678 1747 1797 1808 quo
1840 1735 2016 1804 grata
2049 1727 2303 1786 alicuius
2332 1727 2455 1786 loci

235 1830 587 1889 excitaretur
627 1830 938 1890 memoria.
952 1825 1004 1908 ²)

351 2081 396 2147 ¹)
430 2081 574 2134 Nam
597 2082 907 2132 Antoninus
933 2082 1211 2133 Liberalis
1236 2083 1549 2148 suspectari
1583 2090 1693 2133 non
1729 2088 1912 2149 potest
1944 2084 2056 2133 nisi
2092 2098 2215 2133 cum
2250 2095 2453 2148 magna

229 2167 536 2232 iniquitate.
609 2168 703 2232 qui
738 2165 962 2216 multum
1002 2167 1163 2218 abest
1195 2172 1258 2217 ut
1293 2167 1537 2218 eiusdem
1574 2169 1649 2218 sit
1683 2167 1901 2218 farinae
1936 2167 2096 2218 homo
2134 2171 2298 2230 atque
2334 2166 2456 2215 Ari-

227 2256 519 2302 staenetus.
593 2256 836 2302 ceterum
871 2251 976 2302 hoc
1015 2267 1228 2317 quoque
1265 2253 1504 2317 pessime
1542 2252 1944 2303 administravit
1977 2251 2272 2309 Nicander,
2311 2250 2454 2314 quod

227 2335 286 2385 de
311 2335 561 2400 Ctesylla
583 2335 1012 2386 Hermocharem
1039 2337 1416 2402 conspiciente
1441 2342 1656 2387 narrat:
1694 2334 1795 2389 καὶ
1817 2327 1853 2402 ἡ
1880 2338 2017 2396 παῖς
2043 2325 2221 2388 αὑτὸν
2246 2329 2453 2386 ἰδοῦσα

233 2415 370 2471 κατὰ
419 2419 594 2472 θεῖον
639 2411 892 2487 ἠράσθη.
965 2436 1086 2471 cum
1125 2421 1269 2472 enim
1313 2423 1471 2488 virgo
1510 2427 1677 2472 antea
1712 2421 2077 2474 Hermochari
2114 2420 2455 2488 aliquamdiu

227 2505 497 2570 desponsa
534 2505 727 2567 fuerit,
765 2504 921 2554 illum
957 2506 1068 2555 iam
1104 2505 1233 2556 olim
1271 2507 1324 2555 ei
1359 2499 1617 2557 crederes
1651 2508 1847 2558 visum.

349 2589 394 2654 ²)
443 2591 536 2639 Sic
571 2589 897 2654 Apollonius
944 2591 1181 2655 quinque
1225 2591 1443 2640 Eumeli
1488 2605 1678 2641 versus
1727 2591 2015 2641 continuos
2060 2591 2452 2657 Argonauticis

229 2675 336 2725 suis
400 2675 665 2737 intexuit,
732 2679 974 2725 testante
1041 2675 1346 2726 scholiasta
1411 2675 1481 2724 ad
1546 2675 1631 2724 111
1685 2675 1833 2727 1372.
1918 2675 2066 2724 idem
2121 2674 2453 2725 Callimachi

225 2773 385 2809 unum
431 2759 661 2825 repetiit
704 2754 1068 2824 versum'(cf.
1105 2759 1277 2812 schol.
1311 2760 1340 2809 1
1377 2759 1563 2823 1309),
1610 2753 1797 2824 plures
1834 2759 2331 2810 Callimacheorum
2370 2758 2451 2808 ef-

224 2843 374 2894 finxit
419 2842 748 2894 simillimos.
817 2845 1207 2895 Eratosthenis
1255 2844 1555 2910 fragmenti
1602 2843 1743 2909 quod
1790 2848 1874 2894 est
1921 2844 2066 2910 apud
2099 2844 2297 2894 Athen.
2346 2841 2451 2894 v11

221 2944 269 2993 p.
306 2931 408 2979 284
431 2945 466 2980 a
499 2945 552 2979 v.
590 2931 623 2979 3
676 2929 795 2979 fere
842 2930 988 2980 idem
1035 2935 1120 2980 est
1167 2934 1332 2994 atque
1383 2927 1749 2980 Callimachei
1784 2931 1848 2980 37
1884 2946 1937 2980 v.
1976 2931 2024 2980 1.
2094 2930 2451 2996 suspitionem

225 3015 363 3063 enim
408 3013 756 3080 Bernhardyi
813 3030 935 3064 eam
989 3015 1168 3080 ipsam
1216 3014 1284 3064 ob
1331 3014 1747 3066 similitudinem
1794 3013 1861 3064 de
1907 3012 2240 3066 Callimachi
2290 3031 2453 3066 versu

221 3104 418 3150 motam
467 3098 780 3162 (Eratosth.
827 3115 880 3164 p.
919 3098 1049 3162 139)
1097 3115 1128 3149 e
1174 3099 1472 3165 disputatis
1519 3100 1704 3150 elucet
1750 3099 1972 3149 inanem
2018 3115 2157 3150 esse.
2227 3100 2452 3150 Nonnus

221 3184 376 3245 (XIII
415 3181 536 3246 186)
571 3198 737 3233 unum
773 3183 1142 3249 Euphorionis
1177 3185 1391 3250 recepit
1425 3199 1641 3236 versum
1690 3184 1821 3249 (frg.
1857 3185 1921 3233 81
1956 3183 2197 3233 Meinek.
2237 3184 2453 3248 anall.),

223 3267 454 3319 alterum
492 3265 562 3332 (V
597 3268 716 3332 2¹78)
754 3268 1010 3335 Apolloni
1047 3268 1122 3332 (II
1146 3268 1287 3333 522),
1323 3270 1430 3320 nisi
1468 3268 1608 3334 quod
1644 3284 1740 3334 pro
1778 3260 2177 3334 ἐπιψύχουσιν,
2216 3268 2357 3333 quod
2392 3271 2452 3318 in

221 3353 420 3403 nostris
454 3353 869 3418 Argonauticon
912 3354 1073 3404 libris
1110 3359 1223 3418 est,
1269 3355 1456 3420 posuit
1490 3344 1914 3418 α’ναψύχουσιν.
1986 3368 2053 3402 ac
2100 3359 2321 3403 secutus
2368 3359 2455 3404 est

221 3437 629 3489 Alexandrino-s
653 3439 760 3489 h'ac
785 3440 845 3489 in
869 3455 929 3489 re
953 3438 1234 3506 Vergilius
1272 3454 1511 3504 quoque,
1554 3453 1713 3503 quem
1748 3453 1913 3488 unum
1947 3439 2199 3488 novimus
2235 3454 2452 3490 versum

224 3537 252 3572 e
277 3523 510 3574 Graecis
546 3523 816 3574 Partheni
852 3525 1232 3591 praeceptoris
1269 3523 1628 3574 transtulisse
1666 3521 1763 3588 (cf.
1801 3522 2049 3574 Meineki
2087 3523 2254 3575 anall.
2294 3524 2448 3574 Alex.

221 3623 270 3672 p.
307 3608 408 3658 285
433 3607 564 3672 sq.),
615 3608 847 3660 alterum
895 3626 924 3660 e
970 3609 1234 3660 Varronis
1277 3609 1501 3659 Atacini
1547 3608 1884 3659 carminibus
1936 3609 2038 3672 (cf.
2078 3608 2452 3659 Wuellnerum

222 3691 288 3742 de
325 3694 483 3748 Varr.
519 3695 680 3745 Atac.
717 3711 769 3760 p.
807 3695 874 3745 34
897 3693 1033 3760 sq.),
1081 3693 1302 3744 tertium
1341 3693 1548 3745 Catulli
1596 3693 1692 3758 (cf.
1730 3693 1883 3746 Serv.
1920 3693 1990 3743 ad
2024 3694 2191 3758 Verg.
2229 3694 2367 3742 Aen.
2402 3693 2453 3743 V

223 3777 360 3841 591).
430 3778 576 3830 idem
611 3779 747 3828 Furi
781 3777 1023 3829 Antiatis
1057 3779 1217 3843 plura
1251 3779 1512 3846 diligenti
1556 3778 1869 3828 imitatione
1916 3778 2190 3843 expressit
2227 3781 2451 3827 auctore

221 3861 508 3914 Macrobio
543 3867 650 3914 sat.
685 3862 764 3913 VI
800 3863 827 3911 1
867 3860 963 3927 (cf.
999 3864 1378 3914 Weichertum
1413 3866 1585 3930 poett.
1623 3863 1720 3913 lat.
1746 3863 1875 3912 min.
1901 3878 1953 3927 p.
1979 3863 2081 3912 350
2102 3860 2263 3927 sqq.).
2318 3861 2453 3914 Ovi-

222 3947 342 4000 dius
386 3949 536 3998 Enni
578 3962 796 3999 versum
839 3961 1004 3998 unum
1051 3946 1264 4012 (annal.
1302 3949 1408 4015 frg.
1444 3950 1512 3999 47
1547 3946 1731 4007 Vahl.)
1776 3947 1923 3998 binis
1957 3945 2097 3997 locis
2134 3943 2287 4012 (met.
2322 3947 2454 3998 XIV

222 4032 320 4082 814
357 4039 414 4084 et
452 4034 580 4085 fast.
617 4035 673 4085 11
705 4031 856 4096 48‘1),
895 4033 1060 4084 Porci
1093 4033 1354 4083 Latronis
1389 4033 1637 4098 singulas
1673 4033 1983 4083 sententias
2018 4048 2187 4098 saepe
2222 4046 2451 4099 usurpa-

224 4119 305 4167 vit
341 4117 436 4181 (cf.
477 4119 604 4170 Sen.
642 4123 885 4170 controv.
924 4119 982 4168 II
1019 4119 1084 4168 10
1118 4133 1174 4183 p.
1212 4118 1312 4168 136
1346 4116 1555 4181 Burs.),
1604 4116 1877 4182 Ovidique
1923 4132 2141 4168 versum
2179 4118 2451 4183 quendam

225 4200 364 4264 (a.a.
392 4203 447 4252 11
471 4200 594 4267 300)
621 4201 838 4254 Seneca
861 4203 1108 4268 repetiit.
1146 4219 1212 4253 ac
1239 4201 1494 4252 similiter
1518 4217 1606 4252 res
1623 4202 1885 4252 habuerit
1904 4202 1970 4253 de
1992 4202 2087 4253 illo
2107 4218 2274 4255 versu
2286 4203 2451 4255 Ovidi

223 4287 363 4338 trist.
385 4287 463 4337 1v
488 4287 568 4351 10,
595 4288 643 4350 s,
685 4303 842 4352 quem
879 4288 1050 4338 habet
1081 4291 1250 4338 etiam
1270 4287 1585 4354 Lygdamus
1622 4287 1846 4350 (Tibull.
1871 4288 1977 4354 111)
2007 4274 2449 4349 5,18.·cf.1'1aa-
