2917 4992
1441 315 1868 380 ...82-

536 493 778 554 liastam
835 510 987 552 sane
1045 491 1367 570 scripsisse
1424 482 1701 564 φύλλοισι
1763 490 2101 550 confessus.
2122 486 2173 566 ¹)
2257 493 2562 548 notandum
2618 481 2774 564 φύλ-

539 596 722 668 λοισι,
801 613 968 671 quam
1047 597 1324 652 lectionem
1390 598 1619 650 tutatur
1692 597 1812 666 ipse
1876 594 2229 650 scholiastes:
2302 596 2355 649 si
2416 597 2557 650 enim
2622 595 2780 666 apud

536 699 690 756 hunc
728 713 942 771 quoque
981 699 1208 771 limeris,
1277 688 1543 772 δένδροις
1586 680 1625 768 ἢ
1668 694 1902 768 φλοιοῖς
1918 733 1935 766 ,
1981 695 2063 750 bis
2104 696 2337 752 eandem
2379 710 2495 750 rem
2541 697 2772 751 dixeris.

537 799 697 856 Idem
739 801 944 872 quippe
985 803 1071 855 est
1111 798 1414 854 inscribere
1470 797 1764 854 arboribus
1818 813 1889 852 ac
1944 797 2257 853 corticibus.
2364 796 2525 852 Bona
2586 801 2777 852 tamen

535 903 898 975 yrammatici
943 901 1107 957 huius
1169 902 1328 956 venia
1344 941 1360 970 ‚
1438 901 1605 956 liceat
1665 899 1821 955 nobis
1904 901 2205 964 restituere
2272 897 2530 971 φλοιοῖσι
2604 898 2778 970 (quod

540 1003 857 1060 scribebant
884 997 1152 1076 φλυοῖσι)
1186 1019 1302 1075 pro
1332 991 1629 1073 φύλλοισι.
1705 1000 1838 1067 Quis
1880 1003 2023 1056 enim
2065 1004 2293 1057 amator
2334 1001 2471 1056 adeo
2512 1001 2774 1066 insulsus,

530 1099 604 1162 'ut
648 1111 868 1162 amatae
909 1119 1106 1162 nomen
1141 1105 1411 1175 perituris
1448 1102 1602 1175 foliis
1644 1103 1953 1158 inscribat?
1995 1119 2114 1158 nec
2149 1100 2364 1158 mirum
2396 1109 2508 1174 est,
2554 1109 2775 1180 postea

539 1202 878 1264 accedente
922 1202 1276 1263 testimonio
1322 1201 1737 1275 Aristaeneti,
1796 1202 1900 1281 qui
1944 1200 2133 1260 habet
2176 1190 2325 1259 κατὰ
2368 1201 2484 1260 τῶν
2523 1201 2775 1277 φλοιῶν,

536 1307 708 1365 illam
783 1303 1064 1364 omnibus
1139 1303 1541 1362 certissimam
1611 1303 1808 1362 visam
1876 1323 2011 1363 esse
2081 1303 2598 1363 emendationem.
2708 1324 2776 1361 ac

536 1408 870 1467 Piersonus
909 1406 1176 1464 verisim.
1223 1425 1286 1484 p.
1332 1413 1400 1468 99
1446 1425 1527 1464 ex
1566 1403 1963 1464 Aristaeneto
2009 1404 2306 1464 reducere
2352 1406 2538 1464 etiam
2580 1406 2778 1464 voluit

535 1503 628 1566 ἐνὶ
674 1499 748 1582 δὴ
791 1509 1024 1582 φλοιοῖς
1069 1501 1626 1582 κεκολαμμένα,
1694 1526 1876 1586 quam
1920 1515 2126 1565 tamen
2185 1507 2597 1566 coniecturam
2639 1508 2774 1586 ipse

535 1618 756 1689 postea
795 1609 1013 1669 reiecit
1057 1608 1378 1668 indicante
1417 1607 1835 1668 Valckenario
1870 1606 2111 1669 Gallim.
2158 1609 2315 1687 frgg.
2349 1608 2509 1686 eleg.
2557 1629 2619 1687 p.
2652 1618 2772 1670 211.

534 1712 732 1771 nihilo
787 1711 975 1772 setius
1020 1709 1223 1770 fateor
1283 1709 1603 1790 equidem,
1661 1709 1911 1768 Bentlei
1968 1710 2411 1769 correctionem
2452 1711 2602 1768 mihi
2646 1731 2775 1768 non

535 1814 730 1873 solum
775 1821 1003 1872 certam
1048 1832 1176 1870 non
1221 1810 1451 1884 videri,
1518 1810 1631 1870 sed
1676 1830 1757 1869 ne
1802 1810 2187 1889 probabilem
2232 1810 2499 1891 quidem.
2592 1821 2655 1871 et
2699 1811 2773 1870 ab

538 1914 904 1974 anctoritate
950 1912 1199 1992 quidem
1243 1913 1546 1992 scriptura
1604 1932 1765 1991 qnae
1810 1920 1904 1971 est
1958 1905 2207 1986 φύλλοις
2264 1913 2461 1972 altera
2515 1913 2775 1972 inferior

541 2015 844 2075 duntaxat
888 2034 1015 2073 non
1060 2022 1170 2086 est,
1218 2013 1269 2073 si
1303 2013 1553 2093 quidem
1584 2007 1861 2087 φύλλοισι
1905 2015 2196 2093 scriptum
2239 2014 2393 2092 legit
2421 2015 2771 2089 scholiasta,

534 2118 799 2191 φλοιοῖσι
843 2115 919 2175 ab
963 2115 1362 2175 Aristaeneto
1409 2116 1701 2194 scriptum
1746 2113 1995 2195 quidem
2039 2134 2177 2175 esse
2234 2123 2463 2175 certum
2504 2115 2773 2190 videtur,

535 2219 761 2278 lectum
806 2238 935 2276 non
979 2217 1126 2277 item
1171 2225 1416 2276 certum.
1506 2236 1717 2275 verum
1773 2216 1935 2274 enim
1978 2216 2097 2276 hoc
2140 2237 2266 2276 non
2312 2237 2543 2296 premo.
2635 2239 2775 2277 nam

534 2318 848 2379 sententia
889 2319 1152 2377 maxime
1196 2337 1292 2376 me
1355 2326 1566 2377 movet
1620 2326 1688 2376 ut
1746 2308 2020 2392 φύλλοισι
2063 2319 2286 2378 malim.
2378 2320 2611 2378 etenim
2655 2321 2773 2379 usi-

432 2470 445 2484 ,
535 2420 836 2479 tatissimo
883 2439 1036 2479 sane
1081 2439 1246 2478 more
1304 2417 1626 2478 corticibus
1682 2420 1935 2478 nomina
1988 2418 2408 2480 inscribebant
2453 2420 2703 2482 Graeci.
2720 2417 2771 2502 ²)

535 2541 608 2580 ac
659 2529 786 2580 tam
827 2519 1083 2599 vulgare
1140 2521 1256 2579 hoc
1314 2534 1445 2579 erat
1501 2528 1564 2578 et
1618 2522 1809 2580 cuivis
1866 2523 2031 2579 factu
2086 2522 2298 2595 facile,
2356 2530 2425 2580 ut
2478 2531 2587 2581 tuo
2644 2524 2773 2582 iure

535 2643 831 2704 quaeras:
880 2643 986 2682 cur
1027 2622 1284 2682 tandem
1325 2622 1663 2696 Acontiu8‚
1720 2624 1771 2682 si
1820 2621 2152 2702 Cydippae
2206 2643 2434 2682 nomen
2490 2623 2775 2684 arborum

535 2724 860 2784 corticibus
933 2725 1308 2803 insculptum
1379 2723 1506 2801 legi
1578 2724 1804 2798 voluit,
1895 2745 2023 2783 non
2110 2725 2435 2803 insculpsit
2512 2721 2769 2807 ipse?3)

537 2826 643 2904 qui
722 2827 776 2885 si
841 2825 1035 2885 altero
1112 2827 1247 2885 loco
1327 2826 1577 2883 tacitam
1658 2834 1895 2884 tantum
1967 2825 2248 2886 arborum
2320 2827 2773 2887 confessionem

534 2925 872 2985 modestius
931 2927 1196 3004 expetit,
1265 2927 1454 2985 multo
1524 2927 1995 2987 convenientius
2064 2936 2125 2986 et
2189 2927 2459 3006 pulcrius
2522 2930 2775 3008 fingitur

669 3158 710 3224 ¹)
746 3159 900 3208 Idem
945 3158 1117 3209 habet
1170 3158 1368 3210 Suidas
1415 3159 1591 3212 καλοί
1633 3167 1689 3212 et
1742 3153 1772 3213 ὁ
1813 3161 1979 3214 δεῖνα
2024 3154 2224 3229 καλός,
2273 3165 2365 3228 qui
2408 3165 2586 3229 ipsum
2636 3165 2773 3216 illud

531 3243 797 3294 scholium
837 3245 1119 3309 excripsit.

667 3325 709 3389 ²)
751 3327 836 3378 cf.
872 3328 1284 3378 Boetticherum
1319 3329 1557 3380 Baumk.
1592 3348 1644 3396 p.
1685 3334 1749 3381 52
1774 3347 1875 3397 sq„
1910 3332 2223 3382 Beckerum
2248 3331 2495 3386 Charikl.
2522 3335 2549 3384 I
2573 3351 2631 3402 p.
2656 3337 2772 3386 351.
2875 3359 2876 3362 ¹

666 3409 708 3472 ⁸)
749 3410 936 3460 Sensit
971 3413 1074 3463 hoc
1109 3413 1504 3479 Buttmannus,
1542 3416 1635 3480 qui
1670 3415 1807 3466 dicit
1841 3417 1877 3466 l.
1920 3433 1967 3466 c.
2003 3434 2055 3481 p.
2096 3418 2213 3467 126:
2268 3419 2395 3468 Dies
2438 3421 2587 3468 letzte
2628 3417 2769 3482 (scil.

529 3483 572 3559 ἦ
606 3493 749 3560 γοῦν
770 3521 840 3530 -
861 3491 1065 3561 καλήν)
1103 3499 1169 3546 ist
1197 3498 1407 3560 freilich
1442 3501 1572 3550 noch
1606 3501 1874 3551 alberner:
1922 3504 2055 3552 denn
2090 3518 2149 3551 er
2184 3503 2357 3565 durfte
2380 3504 2450 3564 ,ja
2486 3519 2587 3553 nur
2618 3504 2775 3554 selbst

529 3581 613 3630 die
659 3580 844 3630 Worte
879 3582 1250 3634 einsckneiden.
1319 3585 1467 3634 Doclz
1499 3601 1557 3634 so
1593 3586 1732 3636 katte
1772 3587 2108 3636 Callimachus
2141 3588 2270 3638 auch
2302 3587 2531 3638 wirkliclz
2562 3589 2769 3654 98ᾱίοή-

531 3670 602 3715 tet
638 3681 686 3716 e.
726 3680 776 3730 q.
817 3681 860 3714 s.
917 3669 977 3715 at
1013 3681 1118 3730 quo
1153 3666 1312 3718 modo
1346 3668 1712 3720 Buttmannus
1750 3670 1967 3721 differre
2002 3671 2141 3722 velit
2172 3672 2513 3723 Aristaeneti
2546 3679 2770 3724 senten·

527 3751 666 3799 tiam
705 3766 739 3800 a
776 3749 1185 3815 Callimachea,
1233 3757 1296 3802 ut
1340 3755 1400 3802 in
1437 3770 1506 3804 ea
1541 3771 1672 3805 vere
1710 3755 1879 3805 fuerit
1915 3756 2196 3821 φλοιοῖσι,
2241 3773 2352 3807 non
2390 3759 2567 3823 capio.
2643 3774 2769 3808 nam

531 3835 676 3900 apud
715 3834 1118 3886 Callimachum
1165 3852 1380 3902 quoque
1415 3837 1684 3888 Acontius
1720 3855 1831 3890 non
1868 3841 2182 3905 profitetur,
2232 3857 2293 3892 se
2329 3842 2441 3892 iam
2478 3842 2769 3893 arboribus

529 3919 918 3984 inscripturum
949 3920 1233 3987 Cydippae
1269 3937 1486 3972 nomen.
1555 3923 1790 3988 produnt
1826 3930 2009 3975 autem
2046 3941 2115 3976 ea
2152 3941 2293 3991 quae
2330 3932 2593 3978 secuntur
2614 3927 2771 3977 Butt-

527 4005 718 4054 manni
753 4005 950 4070 verba,
1000 4022 1123 4057 eum
1159 4006 1498 4060 scholiastae
1533 4013 1771 4059 mentem
1811 4025 1923 4060 non
1960 4026 2082 4061 esse
2120 4015 2455 4064 assecutum.
2510 3998 2769 4063 'ceterum

529 4087 610 4137 eis
647 4104 787 4154 quae
823 4105 989 4155 supra
1021 4091 1302 4157 disputavi
1338 4097 1598 4143 corruunt
1624 4095 1791 4144 etiam
1816 4093 2018 4145 Cobeti
2053 4096 2303 4160 crimina,
2346 4097 2440 4162 qui
2465 4101 2547 4146 ait
2570 4114 2768 4148 mnem.

526 4169 607 4220 IX
640 4188 693 4237 p.
723 4175 847 4224 152:
883 4175 1101 4225 Poterat
1133 4178 1247 4241 ipse
1276 4193 1412 4241 puer
1445 4195 1537 4228 eas
1572 4180 1771 4230 litteras
1806 4187 2083 4230 amatorum
2115 4195 2253 4231 more
2285 4182 2341 4230 in
2374 4183 2648 4233 corticibus
2684 4198 2767 4232 ar-
2868 4227 2870 4234 .

527 4253 700 4304 borum
733 4257 1028 4317 inscribere,
1063 4263 1161 4310 sed
1185 4261 1382 4324 flebiles
1418 4265 1655 4326 querelas
1685 4265 1907 4327 fundere
1942 4267 2132 4316 maluit.
