2917 4992
1113 395 1194 404 ..,
1289 359 1535 420 11...

197 537 404 590 ctatus
435 531 636 608 potius
667 530 748 589 sit
777 528 1012 588 urbana
1045 531 1311 610 quadam
1340 532 1715 610 amphibolia
1757 535 2085 596 servanda.
2114 533 2163 612 ¹)
2230 558 2437 617 quam-

199 652 393 710 quam
420 639 626 709 potest
657 630 839 690 etiam
868 633 1360 692 Ptolemaeorum
1391 625 1737 712 φιλομήρων
1780 645 2066 715 respectu
2094 640 2182 697 ita
2214 640 2435 718 egisse.

199 740 270 790 at
322 732 396 791 de
451 734 567 792 isto
623 734 705 792 sit
747 753 899 792 sane
961 743 1028 794 ut
1082 733 1268 794 lubet.
1357 736 1475 794 hoc
1530 758 1717 796 unum
1774 739 1904 797 noli
1960 739 2268 814 obtinere,
2338 762 2434 800 me

200 833 563 893 Callimachi
612 837 1050 914 epigrammate
1095 837 1734 919 Harpocrationisque
1780 841 1913 900 loco
1961 844 2301 920 composito
2347 843 2436 901 nil

195 956 502 1014 parumve
549 937 841 996 effecisse.
934 938 1046 997 sed
1093 939 1172 997 ad
1217 939 1340 998 alia
1383 940 1761 1018 progredior.

372 1040 513 1097 Non
559 1047 726 1100 recte
772 1039 974 1121 aqdhuc
1016 1041 1398 1122 intellectum
1443 1051 1567 1116 est,
1614 1044 1667 1102 si
1696 1063 1793 1102 me
1824 1043 2028 1118 audis,
2078 1045 2436 1106 Callimachi

197 1141 582 1218 epigramma
624 1141 913 1201 XXVII:
2472 1143 2477 1146 ¹

444 1261 727 1333 εΗσίόὸον
770 1267 838 1334 τό
880 1265 934 1334 τ’
981 1267 1196 1354 ἄεισμα
1239 1274 1338 1336 καὶ
1383 1267 1693 1354 δ’τρόπος.
1782 1268 1854 1338 οὗ
1897 1270 2000 1338 τὸν
2042 1271 2246 1340 ἆοιδόν

539 1373 814 1453 ἔσχατον,
859 1367 994 1439 ἄλλ’
1043 1367 1260 1452 ὄκνέω,
1307 1368 1388 1455 μὴ
1432 1370 1497 1439 τὸ
1541 1374 1955 1460 μελιχρότατον

454 1477 575 1536 τῶν
618 1475 802 1539 ἐπέων
844 1472 875 1539 ὃ
922 1472 1146 1551 Σολεΰς
1189 1471 1543 1558 ἀπεμάξατο.
1634 1483 1859 1561 χαίρετε
1905 1482 2107 1544 λεπταὶ

539 1572 768 1658 ῥήσιες,
804 1573 1057 1663 ’.Αρήτου
1079 1581 1130 1661 2)
1178 1577 1477 1660 σύμβολον
1519 1576 1866 1664 ἀγρυπνίης.

366 1725 687 1803 Bentleius
735 1742 916 1802 quem
953 1742 1164 1782 omnes
1221 1729 1512 1782 secuntur
1565 1723 1651 1780 ita
1708 1723 2178 1801 interpretatur:
2236 1729 2430 1784 Hesio-

189 1831 359 1898 dum,
405 1847 513 1884 non
547 1833 897 1900 postremum
940 1827 1186 1898 quidem,
1244 1828 1345 1881 sed
1385 1829 1765 1884 suavissimum
1804 1835 2127 1899 poelarum,
2180 1831 2431 1886 imitatus

189 1939 280 1986 est
321 1931 530 1989 Aratus
578 1931 840 1987 Solensis.
932 1926 1079 2005 quid
1124 1926 1319 1984 vero?
1406 1946 1620 1985 nonne
1664 1926 1974 2002 fatebere,
2034 1929 2429 2008 oppositione

337 2163 374 2230 ¹)
413 2165 630 2214 Similia
669 2167 820 2213 certe
859 2164 993 2213 istos
1019 2162 1408 2228 grammaticos
1431 2162 1635 2212 lusisse
1662 2162 1911 2226 exemplo
1938 2167 2156 2213 constat
2180 2163 2428 2217 Cratetei

191 2250 612 2316 epigrammatis
650 2249 800 2298 anth.
839 2249 901 2298 P.
939 2249 1015 2296 XI
1050 2249 1166 2310 218,
1207 2247 1381 2311 quode
1417 2265 1472 2298 v.
1510 2248 1571 2298 B.
1598 2246 1979 2297 Thierschium
2005 2248 2275 2300 Zeitalter
2309 2252 2421 2301 und

187 2335 404 2385 Vaterl.
446 2336 541 2384 des
576 2335 783 2384 Homer
819 2349 870 2398 p.
910 2336 974 2382 62
1011 2349 1130 2398 sqq.
1788 2367 1807 2394 ,

327 2421 373 2484 ²)
412 2419 748 2472 Meinekium
785 2419 964 2479 miror,
1005 2419 1094 2482 qui
1133 2419 1307 2482 ipsum
1346 2423 1542 2483 poetae
1571 2433 1767 2467 nomen
1794 2417 2004 2482 expulit
2038 2419 2093 2466 in
2120 2419 2223 2468 tali
2258 2421 2421 2470 titulo

187 2508 430 2556 maxime
477 2503 878 2562 necessarium,
929 2503 1018 2553 cui
1065 2503 1354 2552 substituit
1397 2495 1650 2567 οἷκρήτου
1690 2502 1988 2567 plaudente
2027 2503 2235 2555 Cobeto
2272 2521 2421 2555 mne·

186 2607 324 2641 moe.
345 2591 415 2640 X.
441 2608 492 2655 p.
515 2592 632 2640 389.
661 2589 805 2653 quod
829 2603 960 2638 vero
991 2588 1070 2637 vir
1095 2588 1442 2637 doctissimus
1470 2587 1675 2636 nullum
1702 2587 1943 2636 affirmat
1968 2588 2272 2653 exemplum
2298 2607 2423 2654 pro-

187 2678 393 2727 ductae
437 2677 646 2740 primae
693 2672 928 2722 nominis
953 2661 1177 2738 ’Ἄρητος
1224 2672 1372 2737 apud
1418 2688 1513 2722 eos
1550 2672 1814 2735 inveniri,
1864 2673 1954 2735 qui
1994 2675 2268 2723 communi
2302 2675 2419 2724 dia-

184 2762 338 2811 lecto
373 2760 714 2825 scripserint,
749 2757 808 2806 id
844 2773 950 2807 uno
987 2757 1122 2806 dicit
1157 2757 1430 2806 versiculo
1470 2756 1871 2820 praetermisso,
1912 2758 2005 2820 qui
2040 2759 2421 2810 sinceritatem

184 2847 440 2912 proditae
477 2845 784 2910 scripturae
821 2843 1046 2892 firmiter
1083 2843 1419 2906 comprobat.
1478 2841 1758 2891 Leonidas
1786 2841 1929 2891 enim
1956 2843 2103 2894 anth.
2130 2844 2191 2894 P.
2218 2844 2295 2892 IX
2322 2846 2417 2894 252

603 2954 844 3028 Γράμμα
881 2951 1010 3011 τόδ’
1041 2951 1286 3026 Ἀρήτοιο
1325 2952 1633 3025 δαήμονος,
1671 2948 1906 3018 &gazan
1944 2959 2117 3027 λεπτῇ

663 3045 934 3112 φροντίδι
972 3041 1249 3110 δηναιούς
1285 3034 1526 3108 οἷο-τέρας
1564 3036 1868 3109 ἐφράσατο.

186 3169 284 3219 ubi
321 3171 377 3216 et
412 3160 583 3232 λεπτὴ
631 3163 869 3231 φροντίς
907 3163 1240 3214 Callimachi
1277 3165 1460 3228 arguit
1494 3165 1873 3217 imitationem.
1948 3165 2199 3215 adhibuit
2236 3170 2421 3215 autem

185 3254 333 3303 hanc
370 3267 680 3302 mensuram
715 3252 954 3300 Homero
991 3249 1183 3314 opinor
1221 3253 1476 3312 auctore,
1524 3250 1667 3299 sicut
1704 3254 1759 3298 et
1795 3250 2091 3314 Hipponax
2128 3249 2269 3299 chol.
2310 3252 2415 3316 frg.

185 3340 248 3388 50
280 3341 334 3385 et
359 3338 424 3386 52
447 3335 696 3386 Meinek.
726 3351 794 3384 ac
817 3334 1006 3383 dubito
1035 3335 1203 3383 etiam
1230 3334 1603 3396 vehementer,
1641 3349 1770 3383 num
1795 3338 1945 3383 recte
1973 3334 2174 3383 fecerit
2198 3335 2419 3386 Koech-

183 3422 329 3484 lyuS‚
369 3420 508 3485 quod
543 3421 718 3470 Nonn.
757 3419 919 3468 Dion.
958 3419 1137 3467 XXVI
1173 3419 1272 3468 250
1310 3423 1364 3467 et
1399 3420 1499 3468 265
1536 3419 1759 3482 scripsit
1780 3405 2070 3483 Ἄρρητος,
2117 3435 2239 3468 cum
2275 3424 2419 3471 utro-

185 3521 294 3570 que
328 3505 444 3554 loco
470 3493 696 3569 ’Ἇρητος
731 3503 978 3553 habeant
1014 3503 1169 3564 libri,
1218 3503 1326 3552 nisi
1366 3502 1508 3566 quod
1543 3520 1593 3554 v.
1620 3504 1721 3553 265
1758 3503 2103 3555 Monacensis
2140 3521 2261 3554 cum
2288 3506 2418 3555 dua-

185 3590 290 3638 bus
328 3590 567 3654 antiquis
605 3589 934 3638 editionibus
961 3579 1223 3652 ’Ἆρρητος
1264 3589 1514 3653 praebet.
1586 3604 1713 3637 nam
1736 3590 1972 3654 proclivi
1998 3606 2179 3640 errore
2205 3591 2419 3640 librarii

183 3690 358 3739 saepe
417 3674 772 3724 corroborant
829 3688 1126 3734 consonae,
1189 3689 1328 3739 quae
1379 3673 1665 3738 excipiunt
1731 3675 1955 3724 vocales
2012 3675 2236 3725 insolite
2293 3691 2416 3739 pro-

181 3759 400 3807 ductas.
470 3758 670 3819 veluti,
718 3763 776 3808 ut
825 3758 940 3806 alia
977 3759 1254 3821 omittam,
1305 3756 1523 3809 Gallim.
1562 3759 1618 3808 in
1653 3759 1780 3810 Del.
1818 3762 1918 3810 205
1954 3759 2119 3824 vulgo
2168 3760 2418 3808 scribunt

179 3833 462 3906 ἄρρητον,
506 3843 762 3892 Parisino
808 3842 1050 3892 habente
1089 3831 1354 3906 ἄκρητον.
1427 3843 1526 3892 sed
1562 3845 1783 3910 propius
1820 3845 1891 3895 ad
1925 3844 2215 3894 veritatem
2254 3860 2413 3894 acce-

180 3928 317 3976 dere
371 3932 499 3991 puto
552 3928 754 3978 Veneti
807 3926 1102 3977 lectionem
1157 3916 1399 3992 ἅρητον,
1466 3929 1609 3993 quod
1658 3933 1867 3978 mutato
1919 3933 2131 3979 tantum
2179 3933 2417 3979 accentu

178 4012 400 4062 scribas

621 4085 659 4161 ἢ
697 4086 756 4146 δ’
791 4088 1053 4162 ἀρητὸν
1087 4085 1230 4162 ἄλης
1263 4087 1636 4147 ἀπεπαύσατο
1674 4096 1896 4162 λυγρῆςὲ

177 4216 211 4265 i.
251 4230 298 4265 e.
335 4215 463 4264 Ilaec
497 4223 659 4264 autem
693 4223 915 4280 optatum
943 4219 1095 4280 finem
1128 4217 1301 4266 habuit
1337 4219 1563 4266 errandi.
1628 4218 1875 4282 impense
1914 4217 2060 4267 enim
2102 4223 2252 4269 amat
2290 4219 2413 4269 Cal-

175 4296 459 4347 limachus
497 4299 758 4348 adverbia
795 4301 905 4349 ista
942 4300 1152 4350 ratione
1190 4302 1442 4351 formata.
