2917 4992
1382 299 1805 362 -86-

474 465 610 533 ἀντὶ
649 473 758 533 τοῦ
801 471 1119 549 δυστυχίαν
1161 464 1460 530 παύσειεν.
1508 473 1674 552 quod
1702 472 1817 552 frg.
1849 472 2175 532 Heckerus
2220 491 2437 533 comm.
2470 470 2716 558 Callim.

479 599 542 658 p.
589 586 692 639 108
735 575 814 636 ob
859 575 1113 636 verbum
1156 566 1410 633 ἐλινύειν
1470 573 1575 652 (cf.
1618 573 1859 634 Callim.
1904 575 1970 633 in
2016 573 2154 634 Cer.
2202 581 2267 636 47
2316 582 2378 633 et
2416 575 2534 652 frg.
2582 571 2715 650 248)

481 678 854 740 Callimacho
908 676 1338 758 probabiliter,
1397 695 1643 756 prorsus
1688 675 2175 755 improbabiliter
2216 676 2496 736 Hecalae
2522 671 2571 752 1)
2622 695 2721 734 as-

479 781 769 858 signavit.
845 787 1032 859 atque
1076 778 1240 840 idem
1285 776 1513 838 suidas
1563 773 1833 858 (Callim.
1880 778 1998 855 frg.
2044 773 2210 854 302):
2256 771 2401 852 δύη,
2446 765 2486 852 ἡ
2530 795 2717 834 κακο-

479 875 728 957 πάθεια,
773 873 811 957 ἡ
846 878 1148 958 δυστυχία,
1193 869 1346 938 ’ὅθεν
1377 875 1478 937 καὶ
1512 875 1743 952 δοῦλος,
1791 868 2009 954 δύηλός
2037 899 2126 949 τις
2158 867 2243 937 ὧν
2262 898 2275 913 ·
2323 876 2703 955 Καλλίμαχος

1480 989 1633 1072 δύην
1675 985 2016 1056 ἀπ’όθεστον
2059 985 2323 1056 ἀλάλκοι.

478 1123 568 1181 ita
613 1121 777 1180 enim
820 1120 1133 1198 Porsonus
1179 1117 1258 1178 ad
1303 1116 1614 1197 Toupium
1655 1117 1749 1178 IV
1792 1138 1854 1197 p.
1902 1123 2004 1179 489
2048 1117 2377 1196 ingeniose
2426 1117 2724 1176 emenda-

479 1223 572 1282 vit
610 1223 973 1301 scripturam
1015 1218 1292 1279 codicum
1334 1208 1487 1293 δύην
1527 1207 1764 1276 ὅποθέν
1808 1239 1840 1276 τ
1884 1207 2217 1296 (ἀπόθεσθ’
2266 1239 2305 1278 Β
2334 1238 2375 1280 v
2404 1237 2475 1293 n,
2520 1206 2721 1276 ἆπόθ’

483 1320 594 1382 ἔσθ
611 1322 678 1401 Α)
710 1311 976 1395 ἀλάλκοι,
1011 1321 1228 1380 delens
1253 1321 1432 1380 simul
1449 1329 1517 1380 ut
1540 1319 2155 1400 interpretamentum
2177 1319 2356 1382 verbi
2378 1309 2728 1379 ἆπόθεστον

485 1445 645 1506 quae
690 1424 831 1484 libri
875 1422 1117 1482 addunt
1159 1411 1239 1497 ἣν
1292 1412 1490 1492 οὐδεὶς
1544 1425 1745 1482 ποθεῖ.
1838 1442 2206 1503 quamquam
2251 1423 2567 1502 optionem
2610 1423 2729 1483 ille

410 1553 414 1557 ·
485 1525 660 1590 dedit
689 1527 852 1585 inter
895 1515 1234 1584 ἆπόθεστον
1281 1532 1342 1584 et
1384 1511 1731 1598 ἆπόθητον,
1765 1545 2020 1605 quorum
2047 1523 2201 1587 illud
2235 1521 2357 1584 Od.
2392 1545 2425 1602 ρ
2456 1532 2559 1586 296
2591 1531 2658 1583 et
2689 1545 2732 1584 a

481 1628 899 1710 Lycophrone
923 1635 1027 1689 540
1055 1634 1412 1705 usurpatum
1440 1627 1658 1686 merito
1684 1607 2037 1706 praetulere
2056 1626 2335 1686 Naekius
2354 1625 2509 1685 Hec.
2529 1646 2591 1705 p.
2614 1633 2734 1688 250

483 1752 576 1811 sq.
627 1738 687 1789 et
715 1728 1066 1792 Meinekius
1101 1727 1340 1788 Callim.
1387 1749 1450 1808 p.
1484 1735 1606 1790 239.
1684 1714 1747 1786 et
1789 1725 1978 1788 habet
2019 1728 2158 1807 ipse
2206 1726 2613 1788 Callimachus
2656 1729 2731 1786 in

486 1831 626 1893 Cer.
671 1839 742 1894 48
784 1824 1234 1906 πολύθεστος.2)
1299 1820 1414 1903 δύη
1458 1818 1793 1900 ἀπόθεστος
1840 1828 1917 1888 de
1963 1837 2156 1888 morte
2202 1837 2465 1909 apparet
2494 1829 2733 1888 dictum

487 1920 620 1990 κατ’
673 1919 979 2008 εὐφημίαν
1034 1931 1182 1991 satis
1228 1932 1704 2010 frequentatam.
1782 1939 2053 1990 ceterum
2096 1931 2150 1990 si
2196 1929 2567 1990 commodius
2610 1931 2733 1990 illa

487 2033 734 2094 attribui
778 2031 1022 2114 putabis
1053 2033 1322 2092 Acontio
1367 2032 1445 2093 de
1492 2033 1666 2092 fatali
1700 2030 2031 2112 Cydippae
2060 2031 2271 2091 morbo
2318 2033 2440 2092 iam
2479 2033 2734 2092 certiori

485 2135 670 2209 fact0,
717 2156 846 2194 non
891 2134 1079 2194 valde
1127 2131 1414 2214 equidem
1442 2129 1806 2194 reluctabor.
1854 2134 1967 2193 sed
2011 2143 2140 2194 tum
2167 2133 2546 2213 Apollinem,
2594 2154 2735 2193 non

483 2238 754 2297 Dianam
784 2235 1076 2296 advocari
1120 2236 1467 2316 putaverim
1512 2243 1759 2295 auctore
1791 2232 2019 2296 Ovidio
2054 2256 2152 2316 ep.
2183 2236 2351 2296 XXI
2386 2244 2485 2299 173
2512 2231 2734 2315 sqq.3)

653 2338 798 2398 Tali
852 2337 1151 2398 Acontius
1214 2357 1447 2416 angore
1514 2357 1764 2418 pressus
1832 2334 2154 2398 consilium
2220 2337 2386 2417 capit
2440 2335 2736 2398 Athenas

485 2439 939 2521 proficiscendi,
987 2448 1054 2498 ut
1097 2457 1398 2518 praesens
1444 2440 1675 2499 viseret
1708 2438 2077 2520 Cydippam‚
2124 2439 2227 2498 vel
2273 2438 2516 2497 audiret
2558 2447 2737 2498 certe

488 2541 794 2615 cominuS,
865 2541 1014 2621 quid
1083 2549 1298 2619 ageret
1361 2541 1502 2616 illa,
1574 2561 1719 2600 num
1788 2542 1963 2601 salva
2028 2540 2231 2601 adhuc
2288 2548 2350 2601 et
2402 2540 2737 2603 incolumis
2794 2619 2797 2622 ᾗ

619 2725 660 2792 ¹)
697 2728 1017 2778 Heckerus:
1066 2728 1130 2778 de
1173 2727 1364 2778 Theseo
1401 2728 1587 2776 dictum
1620 2727 1834 2777 videtur.
1908 2725 2005 2776 sed
2042 2726 2134 2776 cui
2169 2725 2403 2788 dictum,
2441 2739 2546 2790 quo
2582 2739 2738 2776 nexu

485 2813 727 2862 dictum?
773 2811 942 2862 simili
983 2811 1081 2861 ille
1129 2810 1362 2860 levitate
1402 2825 1469 2860 ac
1505 2815 1784 2876 tamquam
1828 2810 2129 2861 ludibunde
2180 2809 2354 2860 multa
2392 2808 2737 2860 Callimachi

486 2896 804 2960 fragmenta
828 2894 1083 2946 Hecalae
1122 2894 1383 2958 obtrudit,
1419 2910 1490 2944 ne
1518 2894 1773 2945 indicans
1800 2895 2020 2961 quidem
2045 2894 2323 2957 distincte,
2364 2894 2585 2960 qualem
2610 2897 2736 2945 ani-

486 2996 571 3030 mo
607 2978 716 3030 sibi
749 2979 1063 3029 informarit
1096 2991 1312 3028 nexum.
1375 2979 1531 3029 addit
1564 2980 1733 3030 idem:
1782 2981 1879 3032 Ιιοο
1912 2983 2023 3032 loco
2057 2982 2337 3030 insolenter
2370 2981 2540 3030 activa
2576 2982 2738 3046 siqni-

477 3065 720 3126 ficatione
757 3066 941 3115 dictum
975 3071 1076 3122 est,
1118 3064 1346 3126 fortasse
1393 3071 1558 3114 tamen
1594 3065 1781 3114 Suidas
1816 3067 1975 3115 locum
2008 3079 2109 3115 non
2142 3065 2399 3114 intellexit
2430 3071 2521 3114 aut
2553 3067 2737 3116 codice

485 3150 664 3199 vitioso
699 3164 819 3199 usus
853 3157 948 3200 est.
1021 3147 1118 3197 sed
1155 3149 1408 3213 exputari
1442 3149 1664 3214 nequit,
1703 3162 1846 3214 quae
1885 3149 1999 3198 alia
2034 3149 2211 3214 possit
2245 3149 2363 3199 sive
2398 3149 2739 3214 interpreta-

484 3233 565 3282 tio
611 3247 710 3282 seu
755 3232 1030 3299 scriptura
1067 3234 1254 3284 statui.
1327 3231 1707 3284 Callimachus
1741 3232 1969 3283 verbum
2008 3223 2251 3284 ἐλινύειν
2297 3232 2503 3299 duplici
2538 3233 2598 3282 vi
2636 3234 2738 3284 ad-

485 3315 732 3366 hibuisse
770 3316 988 3368 videtur
1014 3316 1276 3383 analogia
1299 3317 1457 3370 verbi
1492 3309 1689 3384 λήγειν
1714 3317 1857 3383 quod
1892 3319 2027 3369 item
2052 3322 2109 3368 et
2132 3311 2343 3370 παύειν
2366 3317 2653 3382 significat
2680 3324 2742 3369 et

487 3393 803 3453 παύεσθαι.
877 3405 1042 3466 atque
1082 3405 1276 3452 extant
1313 3401 1426 3452 alia
1464 3407 1554 3453 sat
1589 3401 1767 3452 multa
1804 3417 1946 3467 quae
1986 3403 2098 3453 sint
2133 3403 2360 3453 similia.

603 3481 664 3548 '²)
704 3483 1141 3536 Callimacheum
1179 3486 1416 3538 fortasse
1454 3487 1559 3553 frg.
1586 3487 1903 3538 continetur
1924 3488 2175 3552 Hesychi
2201 3487 2387 3554 glossa
2424 3477 2741 3546 ἄθεοι-ος

476 3559 760 3633 Ἐριννύ
773 3585 817 3627 ς.
855 3563 1087 3634 σκληρή,
1124 3557 1200 3635 ἣν
1223 3562 1328 3636 οὐχ
1365 3564 1493 3623 οἷόν
1526 3587 1588 3624 τε
1624 3563 2019 3634 ἐξιλάσασθαι.
2064 3563 2592 3636 ἅθεστοςἘριννύς
2614 3575 2740 3623 olim

479 3655 623 3719 forte
657 3655 711 3704 in
742 3657 843 3716 fine
877 3669 1053 3704 versus
1095 3655 1383 3705 hexametri
1424 3659 1586 3708 locum
1630 3657 1802 3708 habuit
1847 3657 2093 3708 Koenius
2130 3657 2202 3706 ad
2239 3655 2563 3722 Gregorium
2599 3655 2735 3708 Cor.

488 3739 573 3790 ed.
625 3727 910 3789 Schaefer.
958 3754 1011 3802 p.
1050 3739 1168 3790 529.
1237 3740 1551 3792 Meinekius
1598 3741 1815 3794 Callim.
1864 3741 1923 3791 in
1972 3740 2233 3793 Cer.·134
2280 3733 2561 3794 ἑπίθεστοι
2599 3756 2737 3792 con·

485 3823 644 3885 iecit,
684 3821 784 3873 sed
818 3839 904 3873 me
941 3821 1124 3873 iudice
1161 3824 1340 3874 minus
1375 3825 1754 3890 probabiliter.

621 3904 664 3971 8)
701 3906 885 3957 Naeki
929 3907 1280 3970 coniectura,
1326 3909 1503 3960 verba
1550 3906 1702 3975 δύην
1745 3902 2079 3962 οἷπόθεστον
2122 3900 2364 3962 ἀλάλκοι
2394 3911 2623 3975 forta-sse
2666 3927 2740 3963 ea:

480 3991 721 4056 precibus
754 3991 980 4042 Hecales
1009 4009 1112 4057 pro
1165 3993 1359 4046 Theseo
1397 3979 1549 4058 esse,
1595 3999 1657 4046 ut
1692 4009 1878 4046 omnes
1916 3995 2111 4058 quibus
2147 3995 2293 4045 hunc
2329 3995 2511 4046 locum
2545 3998 2737 4060 perin-

491 4079 699 4125 certum
747 4077 1034 4128 exornavit
1079 4081 1194 4128 tam
1237 4079 1390 4129 nullo
1433 4079 1627 4130 nititur
1672 4078 2058 4142 fundamento,
2108 4082 2171 4128 ut
2215 4079 2309 4130 vix
2350 4080 2522 4131 ullam
2568 4079 2736 4132 fidem

487 4158 715 4212 habeat.
787 4174 854 4210 ac
891 4175 961 4211 ne
1010 4167 1244 4228 apparet
1288 4164 1535 4230 quidem,
1584 4179 1871 4229 quemnam
1907 4163 2125 4215 Hecale
2160 4162 2331 4217 verbo
2366 4154 2610 4217 ἀλάλκοι
2647 4167 2732 4217 in-

492 4241 682 4292 dicare
717 4245 980 4309 potuerit.
