2917 4992
1351 383 1815 447 -134ffl

467 570 739 621 ceterum
782 560 948 619 idem
991 557 1300 618 Holderus
1346 557 1643 617 iudicavit
1686 558 2071 616 Putaeneum
2114 578 2243 616 non
2291 579 2428 618 esse
2472 561 2715 620 saeculi

466 647 566 705 IX
609 646 714 704 vel
757 646 851 712 X,
899 644 1010 702 sed
1055 645 1258 723 potius
1303 643 1423 700 XI.

636 730 705 789 II
753 727 864 808 (Gr)
916 727 1445 806 Guelferbytanus
1491 734 1628 785 mst.
1677 735 1911 786 extrav.
1958 735 2088 801 260,
2139 747 2322 807 quem
2364 729 2709 788 Ritschelio

466 813 896 874 intercedente
965 813 1082 872 huc
1142 813 1565 871 transmissum
1622 811 1854 870 contuli
1907 813 2062 890 ipse.
2154 812 2480 892 descripsit
2544 814 2714 872 hunc

469 919 717 979 quoque
773 898 994 958 librum
1037 897 1352 956 Merkelus
1398 898 1439 954 l.
1488 916 1538 954 c.
1574 917 1647 974 ρ.
1694 897 1753 955 V
1797 917 1885 975 sq.
1939 897 2193 981 eiusque
2240 898 2391 956 folia
2432 907 2502 959 40
2548 918 2712 978 quae

472 983 877 1064 sequentibus
945 991 1088 1041 sunt
1143 981 1497 1060 antiquiora
1553 982 1803 1040 saeculo
1850 982 1986 1040 XII
2040 983 2287 1042 ineunti
2345 984 2712 1060 assignavit.

467 1079 613 1128 sunt
668 1078 911 1126 tamen
938 1067 1118 1125 facile
1165 1067 1481 1145 aliquanto
1529 1067 1896 1124 recentiora.
1986 1064 2135 1124 inde
2182 1087 2218 1126 a
2263 1067 2411 1126 folio
2458 1074 2523 1129 41
2574 1062 2712 1147 (ep.
2776 1129 2781 1132 .

466 1154 598 1211 XX
648 1150 770 1229 175)
831 1152 1138 1210 recentior
1193 1151 1411 1230 incipit
1467 1169 1682 1210 manus
1742 1149 2083 1230 eademque
2131 1159 2193 1210 et
2238 1151 2347 1210 foli
2390 1151 2521 1219 39b
2565 1153 2711 1211 ulti-

467 1258 630 1297 mum
673 1257 918 1296 versum
966 1235 1122 1314 (XX
1176 1233 1330 1311 112),
1392 1235 1489 1293 cui
1546 1255 1583 1293 a
1626 1255 1812 1293 manu
1856 1237 2063 1314 priore
2120 1255 2383 1296 vacuum
2436 1238 2713 1320 spatium

468 1324 747 1382 relictum
793 1329 954 1394 erat,
1013 1320 1341 1398 supplesse
1387 1319 1649 1380 videtur.
1734 1320 1966 1379 desinit
2009 1329 2214 1380 autem
2257 1321 2358 1380 hic
2402 1316 2559 1381 liber
2606 1341 2712 1400 ep.

467 1407 635 1466 XXI
690 1427 750 1464 v.
801 1414 883 1468 12.
975 1404 1204 1463 abhinc
1257 1405 1473 1463 folium
1530 1405 1813 1484 opplevit
1878 1406 2187 1464 recentior
2250 1406 2443 1464 etiam
2487 1401 2712 1470 manus

471 1491 550 1549 de
595 1489 776 1550 rebus
821 1490 1010 1548 sacris
1059 1487 1446 1548 disserendO.
1538 1498 1601 1547 at
1644 1490 1857 1548 horum
1913 1490 2280 1568 paucissima
2324 1497 2713 1570 comparent.

469 1595 656 1655 super
713 1574 932 1654 quibus
987 1593 1204 1634 manus
1249 1573 1483 1633 saeculi
1527 1574 1790 1632 fortasse
1834 1575 1960 1634 XV
2004 1574 2277 1661 scripsit:
2344 1577 2435 1632 hic
2474 1595 2588 1634 non
2631 1585 2718 1634 est

471 1667 615 1718 totus
657 1662 795 1717 liber
831 1662 923 1716 hu:
965 1662 1112 1733 quod
1153 1663 1232 1716 sic
1284 1655 1451 1736 (P).
1526 1703 1539 1718 .
1564 1704 1577 1717 .
1640 1667 1976 1718 extremum
2034 1653 2238 1718 autem
2293 1658 2547 1720 verbum
2606 1680 2712 1720 ex-

468 1744 690 1823 pedire
735 1765 863 1803 non
910 1745 1102 1822 potui.
1177 1751 1240 1802 at
1281 1743 1388 1801 vel
1430 1745 1595 1802 intra
1636 1744 1791 1802 fines
1835 1763 2122 1804 versuum
2164 1744 2471 1804 indicatos
2518 1747 2719 1805 multa

469 1829 626 1889 libro
671 1829 833 1888 male
877 1827 1088 1887 habito
1134 1829 1238 1886 vel
1282 1827 1531 1906 perdita
1574 1837 1720 1888 sunt
1748 1830 1854 1889 vel
1881 1829 2005 1907 legi
2036 1838 2375 1908 nequeunt.
2421 1814 2554 1889 XX
2592 1841 2715 1904 113,

473 1921 574 1974 114
631 1924 693 1972 et
746 1913 988 1972 initium
1037 1922 1135 1973 115
1181 1912 1406 1971 desunt
1450 1913 1563 1971 foli
1610 1909 1730 1991 (40)
1792 1927 2023 1974 summa
2079 1923 2257 1992 parte
2304 1913 2583 1988 desecta,
2642 1916 2715 1973 in

469 1997 875 2077 sequentibus
920 1997 1086 2057 haud
1132 2016 1332 2075 pauca
1364 1997 1721 2056 oblitterata
1751 2007 1924 2072 sunt,
1977 2007 2267 2061 155—175
2298 1998 2448 2058 folio
2481 2007 2551 2058 ut
2580 1999 2717 2058 dixi

469 2103 737 2161 superne
781 2083 995 2140 mutilo
1043 2083 1262 2141 ceteris
1306 2081 1561 2141 madore
1606 2090 1844 2143 tantum
1874 2104 2001 2142 non
2037 2083 2313 2142 omnibus
2348 2084 2550 2144 exesis
2582 2085 2717 2161 legi

469 2176 808 2246 nequeunt.
901 2166 1131 2225 deinde
1177 2168 1243 2225 in
1288 2167 1436 2226 folio
1484 2169 1775 2247 sequenti
1824 2165 1946 2248 (41)
1996 2167 2163 2248 quod
2211 2176 2305 2227 est
2350 2176 2713 2243 extremum,

469 2272 602 2312 cum
649 2251 896 2331 oblique
940 2259 1286 2310 truncatum
1331 2253 1428 2324 sit,
1482 2251 1725 2310 demum
1768 2252 1919 2312 inde
1965 2274 2002 2312 a
2046 2273 2105 2310 V.
2136 2260 2240 2314 208
2268 2272 2555 2312 versuum
2582 2254 2718 2312 sin—

473 2338 752 2413 gulorum
809 2337 1073 2395 laciniae
1132 2338 1199 2394 in
1257 2357 1501 2396 versum
1556 2339 1817 2396 maiores
1876 2339 2002 2415 legi
2049 2345 2325 2416 possunt.
2417 2357 2455 2394 a
2496 2357 2557 2396 v.
2606 2347 2723 2401 216

469 2440 664 2500 usque
712 2420 793 2478 ad
838 2430 942 2482 239
989 2421 1284 2499 expedita
1326 2421 1510 2480 lectio
1556 2430 1681 2496 est,
1729 2423 1796 2481 in
1842 2422 1991 2480 folio
2038 2441 2219 2481 verso
2266 2423 2529 2500 paucula
2573 2431 2721 2481 tan-

469 2513 594 2565 tum
638 2503 832 2564 verba
877 2505 1322 2582 dignoscuntur
1363 2525 1650 2564 versuum
1694 2517 1745 2580 9,
1795 2516 1879 2580 10,
1929 2517 2011 2580 11,
2061 2516 2127 2569 12
2174 2507 2477 2585 epistulae
2522 2507 2717 2566 XXI.

381 2633 384 2636 ⁴
471 2598 739 2649 ceterum
791 2590 972 2649 huius
1026 2589 1168 2649 libri
1237 2591 1581 2670 scripturae
1635 2592 1740 2650 vel
1795 2592 1861 2649 in
1934 2611 2007 2650 ea
2063 2599 2241 2671 parte
2306 2611 2487 2671 quam
2542 2593 2722 2670 prior

469 2695 685 2734 manus
731 2675 1184 2735 administravit
1226 2676 1386 2733 tales
1433 2684 1604 2749 sunt,
1653 2688 1721 2734 ut
1764 2676 1845 2734 ad
1892 2676 2171 2735 ordinem
2208 2674 2501 2736 librorum
2529 2678 2719 2755 peius

362 2755 366 2759 ’
469 2760 979 2838 interpolatorum
1033 2780 1231 2838 prope
1289 2759 1589 2819 accedere
1647 2760 1952 2819 videatur.
2043 2760 2291 2820 omnino
2338 2761 2499 2819 hunc
2543 2761 2721 2820 codi-

471 2864 604 2904 cem
649 2865 684 2902 a
728 2844 1008 2904 Merkelo
1044 2845 1214 2904 iusto
1261 2845 1453 2922 pluris
1502 2845 1729 2904 factum
1774 2845 2161 2905 crediderim.

640 2928 963 2988 Inferioris
1021 2930 1268 3007 generis
1328 2931 1710 3008 exemplaria
1777 2929 2146 2990 creberrima
2182 2949 2326 3008 ‚per
2380 2927 2720 2990 bibliothe-

473 3031 573 3071 cas
620 3012 920 3092 dissipata
963 3014 1384 3073 inveniuntur.
1459 3023 1524 3072 at
1552 3035 1680 3073 non
1705 3015 1859 3074 'fere
1904 3015 2025 3073 nisi
2082 3015 2298 3074 erratis
2346 3013 2723 3094 quibusdam

477 3106 538 3156 et
571 3097 865 3156 coniectis
902 3096 1210 3157 differunt.
1270 3108 1458 3178 atque
1488 3100 1704 3158 horum
1750 3100 1913 3176 elegi
1945 3109 2234 3178 quattuor
2251 3095 2325 3176 ¹),
2373 3119 2532 3178 quae
2566 3100 2720 3159 nolo

473 3187 643 3242 sane‘
671 3181 1057 3242 contendere
1102 3186 1321 3244 ceteris
1369 3204 1406 3242 a
1449 3183 1729 3243 bonitate
1759 3185 1863 3243 vel
1896 3185 2267 3263 antiquitate
2298 3184 2714 3261 praecellere.

500 3281 502 3285 ·
640 3267 744 3326 III
788 3265 895 3344 (L)
942 3268 1400 3328 Laurentianus
1431 3269 1587 3348 plut.
1620 3269 1878 3328 XXXV
1908 3269 2045 3328 cod.
2078 3277 2163 3342 27,
2207 3268 2725 3328 membranaceus

470 3352 667 3410 forma
696 3352 788 3411 IV
817 3352 1066 3424 maiore,
1115 3362 1404 3413 constans
1450 3354 1616 3412 foliis
1662 3361 1749 3426 69,
1798 3354 1965 3412 cuius
2011 3353 2427 3414 conlationem
2470 3352 2551 3410 ad
2582 3353 2728 3414 XX

473 3443 535 3493 et
577 3436 741 3494 XXI
787 3436 986 3495 debeo
1017 3437 1224 3498 Vlrico
1255 3439 1593 3498 Koehlero.
1663 3439 1943 3497 continet
1985 3437 2085 3496 hic
2129 3438 2288 3496 liber
2324 3446 2575 3516 praeter
2604 3439 2727 3498 he-

469 3521 699 3578 roicum
729 3539 973 3580 carmen
1005 3525 1074 3578 de
1101 3532 1338 3595 quatuor
1365 3525 1831 3596 complexionibus
1860 3525 2139 3580 hominum
2163 3526 2249 3579 vel
2269 3525 2336 3579 de
2358 3525 2730 3581 medicamine

469 3607 765 3662 surdorum
803 3603 992 3664 Ovidi
1037 3607 1286 3665 nomine
1331 3608 1693 3686 inscriptum
1733 3605 2023 3666 heroidas
2073 3607 2347 3685 exceptis
2379 3607 2472 3666 IV
2501 3608 2560 3666 V
2586 3607 2731 3668 XV

468 3691 763 3766 integras.
827 3690 1093 3767 epistula
1136 3700 1343 3750 tamen
1375 3692 1541 3750 XXI
1571 3691 1721 3750 inde
1752 3712 1789 3749 a
1818 3713 1877 3749 v.
1909 3700 1945 3753 8
1989 3693 2055 3749 in
2098 3691 2309 3750 charta
2343 3692 2727 3765 recentiore,

467 3783 536 3834 ut
564 3774 776 3834 scribit
802 3775 1174 3848 KoehleruS,
1221 3776 1417 3836 altera
1462 3796 1648 3834 manu
1695 3785 1947 3835 exarata
1994 3785 2105 3836 est.
2173 3785 2358 3855 atque
2390 3775 2551 3834 hanc
2582 3778 2731 3854 qui-

473 3858 612 3918 dem
640 3855 796 3919 'esse
842 3861 1070 3920 saeculi
1098 3861 1241 3934 XV,
1288 3862 1556 3939 priorem
1600 3861 1830 3921 saeculi
1862 3862 2021 3921 XIV
2066 3882 2145 3920 ex
2186 3859 2463 3920 Bandini
2504 3859 2732 3920 verbis

471 3945 650 4003 catal.
683 3945 752 4003 II
795 3965 857 4023 Ρ.
879 3953 980 4008 237
1005 3945 1217 4004 licebit
1247 3945 1796 4023 conligere:.codex
1824 3963 1972 4004 saec.
1998 3949 2167 4016 XIV,
2200 3947 2470 4020 aliquibus
2497 3949 2554 4002 in
2585 3949 2737 4004 locis

606 4127 648 4193 1)
689 4127 954 4179 comatos
989 4128 1264 4179 habebam
1303 4128 1372 4177 ad
1407 4129 1509 4178 xx
1548 4132 1605 4178 et
1637 4129 1772 4178 xx1
1810 4131 1973 4179 1-12
2012 4128 2183 4178 etiam
2219 4126 2319 4176 hos
2354 4113 2558 4177 libros:
2608 4129 2732 4179 Pa-

471 4197 670 4244 risinos
706 4198 839 4246 7993
887 4201 944 4245 et
978 4197 1139 4259 8243,
1191 4194 1687 4260 Guelferbytanum
1736 4196 1875 4246 Gud.
1915 4197 2039 4258 161,
2087 4194 2526 4245 Laurentianum
2574 4195 2732 4261 plut.

471 4261 705 4312 XXXVI
731 4263 851 4312 cod.
879 4265 962 4314 28.
1012 4263 1117 4313 hoc
1153 4279 1319 4312 unum
1358 4279 1745 4327 commemoro,
1821 4265 1926 4314 uod
1961 4265 2062 4313 XX
2098 4267 2129 4314 3
2165 4263 2581 4312 Laurentianus
2618 4264 2736 4317 ille

469 4327 669 4378 librari
701 4329 794 4380 vel
828 4329 990 4394 lapsu
1023 4331 1114 4382 vel
1153 4331 1476 4382 coniectura
1510 4331 1683 4382 habet
1718 4335 1789 4398 qd
1816 4369 1827 4382 .
1868 4334 1989 4397 ipse
2028 4333 2378 4382 conieceram
2416 4333 2570 4396 quod.
