2917 4992
1095 343 1609 411 -43--

335 519 577 584 Verum
619 521 687 581 in
733 521 1128 602 paraphrasis
1170 519 1378 580 verbis
1425 540 1609 598 supra
1646 520 2125 580 commemoratis
2156 520 2415 581 alterum

149 622 587 700 retegendum
645 625 957 702 genuinae
1004 622 1364 683 Callimachi
1419 623 1565 682 artis
1626 622 1953 700 vestigium
2008 630 2195 702 atque
2253 621 2413 681 adeo

147 725 356 785 totins
389 725 642 788 ‘fabulae
681 725 939 805 aliquod
980 724 1172 785 veluti
1215 725 1689 798 lineamentum,
1738 722 1814 783 ab
1844 724 2068 783 inscita
2098 723 2414 802 sophistae

145 846 356 887 manu
406 825 856 906 propemodum
898 826 1187 887 radicitus
1232 825 1547 885 inductum
1592 845 1665 884 ac
1709 825 1998 885 deletum.
2059 825 2289 884 etenim
2326 823 2415 883 fa-

145 927 488 988 bulatores
549 937 828 988 veterum
895 929 1134 1003 erotici,
1201 929 1306 1008 qui
1365 926 1547 986 deum
1602 927 2009 1004 Sagittiferum
2076 925 2415 1007 producere

147 1049 512 1110 numquam
557 1031 844 1090 omittunt
866 1076 880 1104 ‚
943 1029 1089 1089 dum
1131 1029 1342 1106 ignem
1386 1029 1610 1088 amoris
1658 1048 1839 1108 quam
1882 1029 2417 1106 flagrantissimum

149 1139 214 1190 et
261 1132 555 1192 furorem
599 1150 806 1211 paene
853 1131 1174 1191 exitiosum
1232 1149 1617 1211 quocumque
1660 1128 1840 1188 modo
1899 1129 2261 1190 cumulatum
2307 1129 2413 1189 de·

148 1233 474 1312 pingunt,
531 1232 683 1292 inde
738 1233 909 1293 illum
952 1241 1161 1292 amant
1217 1240 1536 1311 repetere,
1598 1230 1760 1312 quod
1806 1231 2183 1291 fastidiosius
2228 1239 2416 1290 antea

148 1335 300 1412 ipse
383 1335 692 1413 spreverit
761 1333 1128 1394 adulescens
1196 1334 1452 1412 virgove
1511 1342 1789 1394 amantes
1846 1340 2033 1413 atque
2092 1331 2414 1412 Cupidinis

147 1435 569 1516 Venerisque
613 1443 984 1516 potestatem
1031 1436 1300 1496 eluserit.
1391 1433 1811 1496 Tibullianum
1854 1435 2041 1512 igitur
2084 1433 2239 1494 illud
2285 1436 2317 1494 Ι
2360 1442 2412 1508 8,

149 1542 219 1598 69
270 1557 388 1616 sq.
460 1547 595 1596 sunt
644 1542 878 1596 numina
935 1542 1148 1596 amanti
1182 1539 1192 1608 Ι
1229 1540 1400 1596 saevit
1458 1545 1512 1595 et
1560 1541 1763 1595 iniusta
1820 1541 1934 1612 leqe
1988 1540 2179 1594 relicta
2236 1538 2419 1594 Venus

148 1639 260 1696 vel
355 1639 571 1697 Nonni
646 1639 836 1698 Dion.
915 1639 1077 1700 XVI
1153 1645 1258 1699 294
1335 1633 1446 1696 εἰσὶ
1524 1632 1627 1695 καὶ
1704 1635 2031 1714 ῖμείροντος
2110 1627 2416 1713 Ἐριννῦες

151 1739 410 1800 Graeci
488 1740 802 1818 permultis
881 1739 1352 1819 comprobarunt
1433 1738 1659 1798 fabulis
1740 1738 1972 1797 funesti
2051 1724 2413 1816 plerumque

151 1841 411 1914 exituS,
471 1839 549 1900 de
607 1840 825 1921 quibus
869 1862 997 1901 non
1043 1843 1292 1901 invenio
1351 1841 1456 1920 qui
1500 1840 1717 1899 melius
1778 1838 2186 1918 disputaverit
2231 1859 2414 1918 quam

149 1942 546 2002 Welckerus
590 1943 714 2002 alte
758 1942 1028 2002 Denkm.
1076 1943 1169 2004 IV
1214 1963 1274 2020 p.
1327 1951 1426 2004 164
1469 1962 1607 2022 sqq.
1668 1941 1743 2000 cf.
1794 1949 1856 2000 et
1898 1941 2282 2019 Bottigerum
2322 1940 2413 1999 kl.

154 2043 344 2103 Schr.
384 2045 416 2101 I
453 2054 546 2107 159
574 2064 713 2124 sqq.
761 2045 864 2124 qui
909 2064 1056 2104 vero
1105 2052 1381 2106 amantes
1425 2044 1521 2103 sui
1564 2063 1692 2102 non
1737 2042 2015 2122 perditos
2060 2041 2411 2122 perdidere,

153 2154 218 2204 at
265 2146 452 2204 elata
495 2146 683 2204 animi
731 2145 952 2206 duritie
1009 2165 1322 2206 vexavere
1379 2153 1442 2205 et
1499 2145 1876 2218 cruciavere,
1942 2145 1999 2204 ei
2051 2145 2415 2225 plerumque

153 2247 330 2306 iusta
396 2247 898 2325 compensatione
955 2248 1077 2326 ipsi
1123 2248 1383 2327 posthac
1427 2267 1466 2305 a
1507 2246 1775 2307 Veneris
1823 2254 1885 2304 et
1931 2245 2258 2326 Cupidinis
2303 2266 2413 2324 po-

152 2355 403 2407 testate
449 2357 750 2407 vexantur
795 2349 1262 2428 crucianturque
1295 2350 1517 2407 amoris
1552 2367 1735 2426 qnam
1766 2347 2056 2406 acerrimo
2090 2342 2413 2426 impetu¹),

150 2458 219 2509 ut
269 2450 376 2507 ait
415 2448 696 2508 Tibullus
744 2451 776 2509 Ι
819 2459 870 2523 8,
917 2458 947 2512 7
982 2471 1076 2530 sq.
1152 2453 1286 2508 deus
1330 2452 1609 2508 crudelius
1650 2423 1809 2525 urit]
1846 2467 1981 2523 quos
2022 2453 2166 2508 videt
2218 2454 2415 2507 invitos

149 2551 530 2608 succubuisse
581 2553 700 2608 sibi.
791 2571 914 2630 qua
971 2553 1333 2612 ereticorum
1391 2549 1841 2610 consuetudine
1902 2557 2253 2630 computata
2304 2549 2409 2609 ‘ubi

154 2652 518 2712 accuratius
573 2653 984 2731 pensitaveris
1030 2653 1346 2732 sophistae
1391 2651 1585 2712 verba
1626 2648 1690 2710 οἱ
1728 2646 1791 2708 δὲ
1834 2645 2270 2726 φιλοθεάμονες
2314 2669 2412 2709 us-

155 2774 286 2833 que
345 2752 430 2812 ad
487 2748 730 2828 διέφηκε
784 2747 850 2811 τὸ
907 2749 1111 2830 βέλος,
1169 2751 1509 2827 concedeS,
1567 2754 1755 2814 talem
1799 2772 1837 2810 a
1882 2751 2256 2812 Callimacho
2304 2750 2410 2810 de-

154 2856 470 2934 scriptum
514 2854 710 2915 videri
754 2854 1099 2924 Acontium.
1168 2876 1296 2915 non
1339 2854 1539 2915 habeo
1586 2863 1820 2928 autem,
1868 2854 1974 2934 qui
2018 2853 2157 2933 plus
2202 2854 2412 2912 valeat

156 2957 239 3015 ad
326 2975 467 3014 eam
529 2976 658 3016 rem
723 2958 1006 3036 exemplo
1068 2978 1176 3017 suo
1244 2955 1793 3037 comprobandam,
1856 2976 2039 3035 quam
2094 2955 2411 3034 Xenopho

155 3057 410 3136 Ephes.
458 3058 492 3116 I
539 3068 584 3130 l,
631 3067 664 3118 5
709 3079 802 3139 sq.
845 3091 932 3104 —-
975 3041 1028 3131 2,
1077 3068 1140 3119 1:
1191 3049 1427 3138 ’Ἐρωτα
1470 3078 1535 3136 γε
1580 3045 1702 3135 μὴν
1744 3045 1883 3118 οὐδὲ
1940 3047 2214 3132 ἐνόμιζεν·
2260 3049 2412 3114 εἶναι

157 3150 356 3232 θεόν,
413 3146 564 3218 ἀλλὰ
605 3151 804 3234 πάντη
862 3153 1134 3236 ἐξέβαλεν
1177 3149 1356 3218 οὐδὲν
1397 3149 1761 3237 ἡγούμενος,
1817 3154 2003 3236 λέγων
2059 3145 2137 3228 ὥς
2180 3146 2290 3214 οὐκ
2332 3149 2411 3214 ἄν

157 3255 315 3318 ποτέ
358 3280 452 3330 τις
494 3254 774 3336 ἐρασθείη
829 3249 968 3328 οὐδὲ
1019 3249 1342 3340 ὖποταγείη
1384 3261 1471 3342 τῷ
1514 3259 1647 3343 θεῷ
1687 3248 1768 3336 μὴ
1812 3255 2042 3318 θέλων·
2088 3254 2153 3338 εἰ,
2186 3254 2251 3317 δέ
2290 3276 2412 3315 που

309 3527 353 3593 ¹)
389 3529 570 3580 Nonn.
604 3530 768 3581 Dion.
793 3531 895 3581 XV
921 3533 1018 3581 169
1043 3545 1160 3596 sqq.
1231 3531 1463 3594 Nicaea,
1504 3530 1740 3580 XLVIII
1775 3529 1873 3580 241
1900 3545 2017 3597 sqq.
2076 3529 2226 3580 Aura
2260 3534 2410 3580 utra-

159 3631 272 3680 que
321 3618 376 3664 et
400 3614 632 3665 Veneris
669 3617 1039 3681 contemptrix
1077 3619 1132 3666 et
1157 3617 1378 3666 Dianae
1416 3615 1617 3666 cultrix
1654 3615 1725 3664 ab
1757 3613 1861 3665 illa
1894 3615 2194 3681 puniuntur
2218 3618 2411 3679 erepta

157 3714 264 3764 per
293 3713 540 3748 somnum
562 3699 905 3766 virginitate.
967 3701 1188 3750 omnino
1225 3700 1634 3766 frequentatum
1668 3700 1726 3748 id
1761 3700 1819 3748 in
1854 3699 1959 3750 hoc
1985 3716 2209 3765 genere,
2234 3705 2295 3748 ut
2330 3698 2409 3748 iu-

157 3796 343 3832 venes
381 3782 474 3834 vel
508 3782 730 3849 puellae
756 3784 1027 3836 Venerem
1064 3785 1308 3836 atrocius
1343 3784 1722 3850 despicientes
1762 3787 1954 3834 castae
1992 3784 2151 3834 simul
2188 3783 2407 3832 Dianae

161 3868 282 3916 sint
321 3866 600 3930 asseclae,
639 3867 932 3933 Hippolyti
962 3867 1217 3936 ‘exemplo
1252 3867 1657 3920 inlustrissimo.
1713 3868 1891 3933 qualis
1916 3867 2153 3933 Daphne
2190 3870 2275 3916 est
2304 3865 2407 3916 Ov.

161 3954 301 4000 met.
337 3951 364 3999 I
398 3952 497 4002 452
533 3967 652 4017 sqq.
701 3956 758 4001 et
802 3951 1066 4003 Parthen.
1108 3953 1171 4003 15
1219 3951 1316 4017 (cf.
1352 3953 1519 4004 Pane.
1556 3953 1691 4004 VIII
1728 3953 1845 4017 20),
1893 3952 2091 4018 Syrinx
2137 3950 2241 4001 Ov.
2276 3953 2405 4003 met.

162 4036 189 4084 I
215 4036 324 4086 692
347 4049 483 4102 sqq„
521 4037 818 4087 Narcissus
855 4036 988 4089 ibid.
1013 4036 1101 4087 ΙΙΙ
1123 4037 1223 4088 353
1249 4053 1368 4102 sqq.
1409 4041 1467 4088 et
1488 4036 1749 4087 Philostr.
1779 4037 1983 4100 imagg.
2012 4037 2039 4085 I
2064 4038 2147 4097 23,
2186 4035 2407 4099 Cycnus

159 4120 425 4174 Antonin.
461 4120 560 4171 lib.
603 4122 668 4170 12
703 4137 734 4170 e
769 4121 1079 4185 NicandrO,
1117 4121 1392 4172 Arethusa
1427 4121 1591 4172 Paua.
1626 4122 1677 4172 V
1711 4123 1758 4184 7,
1799 4124 1848 4181 2,
1886 4119 2167 4185 Rhodopis
2205 4124 2261 4170 et
2294 4121 2405 4170 Eu-

160 4204 421 4268 thynicus
455 4204 668 4256 Achill.
705 4205 832 4256 Tat.
871 4205 996 4256 loco
1033 4221 1200 4272 supra
1236 4205 1420 4270 paullo
1457 4221 1582 4255 mox
1615 4205 1873 4256 notando.
1923 4203 2159 4258 Theocr.
2196 4206 2405 4256 XXVII

166 4291 230 4340 15
269 4286 504 4356 χαιρέτω
543 4279 584 4336 οἱ
624 4287 858 4353 Παφία·
896 4281 1078 4355 μόνυν
1117 4287 1278 4349 ἵλαος
1303 4278 1553 4356 ’Ἄρτεμις
1592 4287 1702 4355 εἴη.
