2917 4992
1333 333 1797 399 -118—

454 534 594 573 aera
641 520 887 589 temptet.
975 511 1144 572 Dido
1179 511 1319 572 ‘VII
1371 517 1467 571 183
1512 528 1649 589 sqq.
1720 528 1788 568 se
1832 515 2087 567 mortem
2131 507 2341 586 gladio
2387 506 2503 567 sibi
2548 527 2697 567 con-

453 619 739 678 scituram
785 614 1108 696 praedicit.
1197 613 1344 672 item
1374 612 1679 671 Deianira
1711 609 1808 670 IX
1859 618 1955 672 146
2000 629 2138 690 sqq.
2198 618 2261 669 et
2302 609 2551 676 Canace
2592 609 2701 670 XI

457 729 558 784 119
602 739 740 799 sqq.
801 736 990 777 saeva
1033 716 1299 774 minatur
1341 714 1555 773 Iasoni
1583 711 1813 772 Medea
1840 705 1993 772 XII*
2018 719 2119 774 207
2166 732 2305 792 sqq.
2366 711 2703 772 Protesilai

459 820 690 881 obitum
733 817 1076 900 praesentit
1108 815 1453 876 Laodamia
1497 815 1668 874 XIII
1700 820 1800 876 109
1829 833 1967 894 sqq.
2059 813 2402 894 eademque
2433 813 2705 873 affirmat

463 931 561 987 163
604 942 776 1003 sqq.,
839 941 908 980 se
967 919 1286 997 coniugem
1343 918 1475 977 sive
1532 918 1741 976 vivum
1798 917 1931 976 sive
1986 923 2285 976 mortuum
2352 923 2705 978 secuturam

462 1042 842 1107 quocumque
888 1023 994 1082 ille
1038 1022 1118 1082 sit
1160 1027 1507 1080 vocaturus.
1567 1020 1742 1078 Paris
1774 1018 2083 1078 Helenam
2128 1036 2335 1078 secum
2380 1015 2705 1076 ablaturus

456 1127 720 1187 bellum*
741 1125 944 1202 tangit
987 1125 1327 1182 Troianum
1383 1121 1549 1202 quod
1602 1121 1749 1180 hinc
1806 1139 2157 1180 exarsurum
2215 1126 2348 1179 erat
2389 1118 2550 1178 XVI
2591 1127 2707 1184 339

460 1237 521 1289 et
567 1238 662 1291 351
714 1221 909 1306 sqq.¹)
972 1224 1267 1285 Leander
1312 1224 1636 1284 consilium
1690 1223 1995 1302 eloquitur
2048 1222 2277 1281 invitas
2326 1219 2707 1300 experiendi

459 1349 683 1411 aquas,
739 1328 884 1388 licet
942 1325 1210 1406 quodam
1265 1325 1448 1385 modo
1507 1325 1861 1405 praesagiat
1915 1324 2189 1401 singula,
2262 1341 2421 1403 quae
2476 1331 2709 1402 postea

461 1432 748 1492 evenisse
780 1430 1070 1489 Musaeus
1103 1435 1331 1486 narrat.
1379 1428 1457 1486 cf.
1496 1427 1727 1488 XVIII
1760 1433 1860 1490 196
1888 1446 2027 1506 sqq.
2074 1445 2209 1484 cum
2233 1426 2392 1485 Mus.
2424 1433 2527 1488 335
2556 1444 2708 1504 sqq.

457 1554 572 1614 per
618 1533 888 1612 quietem
930 1538 1194 1591 ventura
1242 1527 1416 1588 videt
1466 1530 1637 1588 Hero
1688 1529 1855 1588 XIX
1904 1536 2001 1590 195
2033 1547 2170 1607 sqq.
2224 1559 2306 1568 —
2362 1534 2425 1586 et
2471 1526 2710 1585 Aconti

463 1654 707 1716 quoque
741 1633 1046 1712 epistulae
1079 1639 1388 1692 auctorem
1417 1632 1483 1689 in
1513 1631 1639 1691 illis
1670 1629 1949 1690 versibus
1981 1650 2109 1689 non
2141 1649 2249 1688 suo
2281 1629 2372 1688 uti
2417 1629 2706 1701 invente,

458 1738 562 1796 vel
606 1737 724 1795 hoc
768 1734 999 1794 indicio
1044 1733 1232 1794 valde
1279 1732 1601 1812 probabile
1648 1740 1771 1806 est,
1822 1730 1986 1812 quod
2033 1731 2281 1809 nuptias
2312 1731 2494 1791 Deli
2539 1730 2711 1788 cele-

456 1836 761 1910 brandas,
847 1855 976 1895 rem
1046 1836 1382 1913 insignem,
1451 1855 1579 1894 non
1646 1835 1767 1896 nisi
1828 1833 2025 1893 obiter
2097 1840 2158 1892 et
2216 1833 2391 1912 quasi
2446 1833 2709 1892 fortuito

461 1940 759 2000 Acontius
818 1946 1275 2010 commemorat,
1332 1945 1399 1996 ut
1456 1937 1663 1995 omnia
1704 1936 1859 1995 haec
1916 1933 2165 1993 fabulae
2210 1934 2462 2013 propria
2507 1933 2710 1992 fuisse

463 2042 740 2121 satisque
783 2041 905 2099 iam
949 2038 1316 2118 pervulgata
1362 2038 1713 2097 necessario
1757 2037 1836 2096 sit
1882 2033 2338 2114 conligendum.

633 2143 811 2202 Haec
853 2142 1040 2220 igitur
1081 2161 1179 2200 me
1224 2148 1496 2213 movent,
1543 2147 1609 2200 ut
1652 2138 1820 2218 apud
1868 2137 2307 2198 Callimachum
2350 2141 2484 2195 mali
2519 2138 2718 2211 felicis

463 2249 752 2320 imayinem
794 2244 1042 2302 Dianae
1086 2243 1352 2321 positam
1397 2241 1675 2300 arbitrer.
1692 2238 1741 2319 ²)
1812 2261 1931 2322 quo
1978 2259 2273 2300 concesso
2320 2240 2511 2300 lustra
2554 2239 2717 2298 mihi

465 2365 626 2426 quae
673 2352 1004 2423 supersunt
1051 2344 1249 2404 Semi
1293 2319 1661 2403 Deliadis
1719 2342 2024 2421 fragmina
2078 2340 2160 2400 ad
2208 2340 2719 2400 anathemata

462 2448 522 2507 D
540 2447 746 2506 eliac
765 2467 802 2504 a
831 2446 1199 2525 spectantia.
1257 2446 1521 2525 paucula
1550 2465 1856 2525 propono.
1919 2443 2279 2503 Athenaeus
2303 2442 2404 2502 IX
2427 2462 2488 2521 p.
2513 2448 2621 2503 469
2640 2462 2716 2502 c:

467 2547 676 2626 Σῆμος
723 2538 777 2604 δ’
829 2543 894 2605 ἐν
936 2543 1172 2628 πέμπτῃ
1222 2539 1518 2622 Δηλιάδος
1576 2535 1940 2614 ἀνακεῖσθαί
1988 2559 2174 2621 φησιν
2230 2539 2295 2601 ἐν
2344 2533 2524 2625 Δήλῳ
2570 2563 2719 2620 χρυ·-

463 2650 577 2727 σῆν
636 2640 960 2726 ἡδυποτίδα
996 2638 1302 2725 Ἐχενίκης
1357 2628 1671 2725 ἐστι’χωρίας
1728 2641 2014 2726 γυναικός
2068 2667 2121 2706 e.
2171 2667 2231 2727 q.
2278 2667 2327 2705 s·
2414 2645 2719 2726 idemque

463 2754 563 2813 XI
593 2774 655 2833 p.
689 2751 877 2814 502b:
940 2749 1149 2827 Σῆμος
1182 2747 1245 2810 δὲ
1276 2745 1340 2808 ἐν
1372 2742 1549 2832 Δήλῳ
1580 2740 1945 2808 ἀνακεῖσθαί
1970 2764 2118 2824 φησι
2146 2748 2407 2825 χαλκοῦν
2436 2745 2719 2823 φοίνικα,

604 2934 644 3000 ¹)
685 2935 843 2998 Quod
881 2931 1104 3000 Sappho
1141 2937 1200 2986 in
1233 2951 1384 2988 mare
1421 2951 1483 2987 se
1519 2934 1827 2985 demissura
1861 2934 2037 2999 lyram
2062 2949 2217 2984 suam
2241 2932 2485 3000 Apollini
2506 2950 2721 2988 vovere

465 3021 585 3071 vult
628 3021 730 3071 XV
781 3020 876 3070 181
915 3035 1033 3085 sqq.
1082 3019 1178 3083 (cf.
1217 3021 1320 3072 Ov.
1360 3037 1465 3070 am.
1503 3021 1557 3070 II
1597 3021 1687 3084 18,
1726 3023 1791 3072 32
1841 3024 1896 3070 et
1942 3019 2297 3070 Wclckerum
2344 3017 2420 3069 kl.
2460 3018 2615 3070 Schr.
2660 3021 2722 3071 II

464 3123 518 3171 p.
549 3107 644 3157 117
681 3104 777 3169 n.),
820 3105 890 3154 ad
929 3104 1172 3170 aliquam
1207 3105 1384 3168 lyram
1422 3103 1593 3155 facile
1631 3109 1851 3170 spectat
1886 3109 1949 3155 ut
1984 3103 2238 3169 Sapphus
2276 3105 2333 3154 in
2368 3103 2723 3169 Mitylenaeo

463 3189 736 3257 Apollinis
783 3189 990 3254 templo
1029 3193 1374 3241 asservatam
1408 3189 1826 3255 visentibusque
1863 3192 2241 3240 monstratam.
2324 3188 2561 3240 similem
2596 3205 2725 3240 rem

466 3290 590 3326 esse
627 3281 759 3341 puto
797 3274 900 3325 Ov.
940 3278 1068 3324 met.
1106 3276 1186 3325 IX
1221 3277 1319 3326 791
1346 3290 1465 3340 sqq.
2054 3263 2061 3272 ⁶

549 3381 558 3386 ·
601 3359 646 3424 ²)
700 3359 884 3410 Nolim
933 3363 1116 3410 autem
1155 3359 1443 3422 conicere,
1492 3359 1601 3410 hac
1636 3360 1762 3424 ipsa
1798 3359 2150 3410 dedicatione
2188 3359 2378 3410 aetion
2415 3359 2724 3425 contineri,

466 3445 521 3498 11.
560 3459 606 3496 e.
657 3459 822 3508 poma
867 3443 1144 3510 nuptialia
1178 3443 1452 3494 Deliacae
1488 3444 1711 3494 Dianae
1760 3445 2013 3510 apposita
2062 3459 2185 3495 esse
2233 3433 2464 3509 eumque
2508 3459 2729 3496 morem

471 3529 541 3580 ab
571 3528 800 3578 Acontio
840 3543 964 3578 esse
1004 3529 1302 3578 secundum
1340 3529 1591 3579 fabulam
1628 3528 1963 3579 incohatum.
2015 3544 2344 3595 quamquam
2366 3527 2511 3579 haee
2535 3531 2725 3595 suspi-

465 3615 544 3665 tio
571 3612 850 3664 nonnullis
877 3613 1090 3664 caussis
1116 3617 1298 3680 potest
1323 3613 1777 3664 commendabilis
1803 3613 2000 3666 videri.
2050 3617 2109 3663 at
2132 3614 2327 3680 nequit
2350 3612 2729 3679 probabiliter

468 3697 758 3749 conciliari
785 3713 906 3747 cum
935 3696 1187 3747 clausula
1213 3698 1485 3762 epistulae
1510 3699 1637 3761 XX,
1679 3713 1787 3763 qua
1812 3698 1860 3748 si
1883 3699 2056 3748 uteris
2076 3697 2337 3763 religiose
2366 3704 2423 3749 et
2447 3703 2726 3750 accurate

466 3782 726 3833 utendum
766 3785 868 3832 est.
942 3783 1134 3846 itaque
1173 3783 1222 3832 si
1261 3783 1330 3832 ab
1367 3782 1603 3834 Acontio
1642 3799 1863 3833 aureum
1899 3798 2117 3848 pomum
2152 3783 2323 3833 sumis
2359 3782 2578 3832 Dianae
2620 3800 2727 3849 po-

467 3869 662 3930 situm,
701 3867 846 3916 sicut
883 3871 968 3916 est
1001 3868 1060 3918 in
1105 3883 1156 3917 v.
1196 3869 1329 3932 239,
1365 3867 1498 3916 hinc
1544 3868 1704 3933 sequi
1747 3882 1856 3918 non
1904 3868 2083 3932 potuit
2116 3871 2178 3916 ut
2212 3881 2481 3933 sponsae,
2518 3867 2621 3918 sed
2660 3874 2729 3920 ut

467 3953 655 4018 sponsi
701 3951 852 4002 mala
895 3952 1192 4016 posuerint.
1272 3957 1342 4002 at
1399 3951 2003 4016 adulescentibus,
2063 3955 2384 4018 quantum
2442 3951 2729 4016 quidem

469 4037 646 4100 scio,
695 4051 837 4086 cum
872 4036 1096 4088 Diana
1140 4052 1248 4088 res
1293 4051 1426 4088 non
1474 4037 1621 4087 fuit.
1696 4038 1744 4088 si
1782 4053 1815 4088 a
1852 4035 2104 4103 Cydippa
2138 4037 2341 4087 malum
2377 4036 2532 4088 dices
2566 4040 2727 4102 posi-

468 4126 610 4184 tum,
659 4121 751 4172 vel
797 4123 1037 4172 fortasse
1087 4122 1156 4172 ab
1191 4122 1428 4173 Acontio
1478 4125 1534 4172 et
1570 4121 1841 4189 Cydippa,
1890 4123 1995 4172 hoc
2040 4121 2191 4173 nullo
2236 4126 2403 4188 pacto
2440 4122 2555 4172 coit
2592 4136 2729 4174 cum

469 4221 523 4257 v.
548 4206 663 4258 239.
703 4211 759 4256 et
782 4221 914 4256 vero
938 4207 1140 4258 Aconti
1163 4208 1346 4272 potius
1373 4222 1535 4272 quam
1563 4205 1846 4271 Cydippae
1874 4207 1999 4273 fuit,
2036 4211 2098 4258 ut
2120 4222 2338 4272 pomum
2363 4207 2515 4272 grati
2538 4208 2725 4258 animi

471 4291 670 4340 testem
705 4294 954 4355 poneret.
