2917 4992
1092 355 1517 420 ..93-

212 535 364 593 vitae
407 533 674 592 veritate
721 527 1090 589 sumebatur.
1151 537 1214 589 et
1243 530 1410 609 apud
1440 530 1736 590 Latinum
1780 537 2029 609 poetam
2072 535 2292 590 conscia
2338 532 2427 591 di-

213 636 352 695 citur
393 635 604 693 nutrix
645 633 813 692 XXI
859 637 922 693 17
960 650 1098 712 sqq.
1155 631 1522 712 litterasque
1576 639 1815 690 mutuas
1876 631 2085 692 forsan
2130 633 2431 710 cogitatur

212 755 457 795 curasse.
531 734 648 794 sed
695 733 776 792 de
820 732 1215 793 iureiurando
1261 734 1417 793 nihil
1473 732 1614 792 dum
1656 733 1831 812 virgo
1876 732 2235 812 parentibus
2280 753 2429 793 ausa

211 846 328 896 erat
371 855 681 896 enarrare.
772 855 960 915 quare
1007 833 1368 895 adhortatur
1411 855 1547 894 eam
1588 835 1889 895 Acontius
1933 854 1993 894 v.
2016 843 2119 896 201
2163 855 2257 916 sq.

1169 958 1340 1011 matri
1377 957 1501 1012 licet
1540 958 1722 1012 omnia
1766 970 2003 1026 narres,

637 1059 720 1114 m'l
758 1065 869 1126 tua,
917 1057 1180 1131 Cydippe,
1220 1057 1382 1130 facta
1427 1057 1645 1114 ruboris
1686 1049 1978 1135 habem1).

359 1193 587 1252 Verum
635 1192 810 1251 enim‘
844 1211 992 1250 vero
1035 1191 1161 1249 iam
1207 1188 1301 1249 dis
1332 1189 1593 1249 solvitur
1635 1189 1857 1249 nodus.
1922 1211 2065 1249 nam
2092 1190 2424 1271 Cydippae

207 1302 372 1372 pater
406 1294 587 1371 inops
616 1293 837 1352 consili
862 1293 999 1351 aliis
1031 1291 1199 1350 aliud
1231 1290 1685 1370 suspicantibus
1715 1290 1820 1369 (cf.
1849 1311 1951 1372 ep.
1976 1293 2143 1352 XXI
2164 1303 2231 1356 49
2252 1291 2421 1372 sqq.)

205 1414 428 1455 sacram
456 1395 833 1472 legationem
860 1393 1144 1473 Delphos
1175 1393 1386 1466 mittit,
1423 1413 1582 1472 quae
1614 1415 1647 1453 e
1695 1393 1812 1452 deo
1843 1393 2189 1454 miraculosi
2232 1395 2422 1454 infor-

203 1497 328 1555 tuni
357 1505 682 1575 quaereret
709 1515 982 1554 caussam
1009 1490 1115 1574 (cf.
1148 1494 1187 1553 l.
1216 1515 1267 1557 c.
1298 1515 1360 1554 V.
1383 1504 1484 1557 231
1512 1493 1655 1574 sq.).
1702 1515 1819 1574 per
1846 1495 2011 1554 hunc
2042 1497 2245 1555 omnia
2276 1516 2422 1576 ape-

203 1591 516 1678 riuntur,²)
551 1616 723 1679 amor
750 1597 996 1671 Aconti,
1023 1595 1302 1656 dolosum
1331 1596 1573 1669 malum,
1610 1594 1946 1678 Cydippae
1978 1597 2420 1657 iusiurandum.

327 1867 369 1931 ¹)
407 1869 482 1918 Et
502 1866 935 1919 Pseudoovidius
971 1866 1189 1932 quidem
1225 1866 1647 1932 respondentem
1684 1867 1827 1918 facit
1860 1866 2018 1917 illam
2054 1866 2185 1916 XXI
2208 1867 2307 1916 241
2334 1881 2417 1932 sq.

587 1969 836 2034 fassaque
869 1984 978 2018 sum
1009 1971 1164 2018 matri
1195 1970 1443 2033 deceptae
1474 1970 1697 2032 foedera
1731 1971 1955 2035 linquae,

661 2056 844 2104 lumina
871 2055 988 2116 floea
1023 2059 1200 2104 tenens
1229 2055 1388 2118 plena
1417 2055 1638 2118 pudoris
1670 2055 1829 2105 Imma.

197 2171 377 2205 verum
421 2155 566 2205 haec
611 2154 743 2220 quid
788 2154 899 2204 sibi
942 2153 1122 2205 velint
1165 2154 1344 2204 minus
1389 2153 1669 2219 pervideo.
1742 2154 1969 2204 turbant
2011 2155 2155 2204 enim
2192 2155 2420 2206 fabulae

199 2240 640 2292 concinnitatem.
695 2242 861 2304 atque
899 2240 1118 2289 omnino
1144 2239 1203 2287 in
1229 2237 1516 2304 Cydippae
1555 2238 1795 2303 epistula
1818 2240 1960 2289 iusto
1995 2238 2155 2304 plura
2189 2239 2419 2290 fabulae

199 2329 462 2374 momenta
485 2324 555 2394 ‘in
591 2324 647 2374 id
683 2327 956 2389 coguntur
991 2329 1224 2388 tempus,
1253 2339 1356 2389 quo
1385 2322 1485 2373 illa
1511 2323 1682 2373 scribi
1706 2323 1943 2392 fingitur.
2001 2324 2097 2374 sed
2122 2324 2268 2375 idem
2294 2340 2415 2390 pra-

196 2424 314 2458 vum
361 2409 598 2458 studium
643 2408 701 2458 in
747 2408 876 2458 aliis
923 2423 1136 2474 quoque
1182 2408 1458 2458 nonnullis
1506 2408 1760 2474 epistulis
1804 2409 2099 2461 Ovidianis
2156 2411 2418 2474 cernitur,

196 2509 239 2544 v.
276 2509 322 2543 c.
362 2509 448 2559 ep.
484 2493 562 2542 IX
600 2493 697 2544 143
722 2507 867 2557 sqq.‚
906 2492 1162 2543 similiter
1197 2493 1328 2542 XXI
1363 2495 1463 2544 233
1487 2507 1608 2558 sqq.

320 2593 362 2658 ²)
418 2593 612 2644 Sciens
665 2594 824 2644 omisi
879 2594 1020 2658 quod
1070 2594 1178 2645 huc
1223 2599 1447 2660 poterat
1492 2595 1819 2644 trahendum
1864 2594 2045 2646 videri
2092 2594 2418 2645 Callimachi

197 2679 292 2743 frg.
327 2679 430 2728 264
467 2679 612 2744 apud
647 2678 818 2728 schol.
857 2678 1017 2728 Pind.
1055 2678 1217 2743 Pyth.
1255 2679 1334 2730 IV
1371 2681 1469 2730 104
1515 2669 1817 2744 αὐτομάτῳ
1852 2671 2095 2743 κελάδῳ]
2135 2669 2239 2728 οὐκ
2274 2672 2416 2742 ἠρω-

198 2755 344 2828 τήθη
381 2755 490 2828 γὰρ
527 2755 687 2826 παρὰ
723 2761 827 2814 τοῦ
849 2757 1072 2814 Βάττου
1106 2759 1240 2827 περὶ
1274 2761 1376 2828 τῆς
1411 2754 1701 2822 άποικίας,
1740 2754 1883 2813 α’λλά
1917 2760 2050 2826 περὶ
2084 2760 2185 2828 τῆς
2222 2761 2419 2830 φωνῆς

201 2845 284 2912 [cf.
313 2849 516 2898 Herod.
541 2849 621 2899 IV
646 2845 781 2914 1551.
833 2841 1011 2899 ἔνθεν
1048 2843 1120 2914 δὴ
1157 2844 1259 2898 καὶ
1295 2839 1553 2912 αὖτῶρης
1589 2839 1619 2899 ὁ
1650 2845 1918 2912 τρίπους,
1954 2838 2030 2908 ὥς
2053 2845 2419 2914 Καλλίμαχος

587 2938 844 3015 αὖτῶρης
880 2939 975 3001 ὅτε
1011 2951 1196 3001 τοῖσιν
1234 2941 1526 3016 ἐπέφραδε

198 3047 288 3102 καὶ
321 3043 444 3102 τότε
481 3041 741 3115 αὖτῶρης
775 3040 809 3116 ἡ
848 3042 1052 3115 μάντις
1097 3045 1334 3117 λέγεται,
1372 3040 1515 3102 ὅταν
1538 3045 1617 3118 μὴ
1656 3043 2073 3118 βουλευομένου
2105 3044 2261 3110 τινὸς
2285 3047 2417 3116 περὶ

199 3126 324 3187 ὅτου
357 3123 483 3202 ἥκει
519 3125 975 3201 άπαυτοματίσῃ.
1050 3137 1258 3186 etenim
1303 3153 1477 3188 nexus
1514 3152 1618 3203 quo
1655 3136 1791 3187 illud
1827 3138 2039 3202 profert
2074 3135 2416 3200 scholiogra-

199 3221 326 3285 phus
362 3237 444 3271 me
481 3224 690 3282 movet,
739 3223 802 3270 ut
838 3211 1224 3271 Call‘imachea
1272 3237 1481 3287 quoque
1530 3223 1599 3272 ad
1635 3221 1790 3270 Batti
1824 3221 2111 3271 historiam
2149 3211 2413 3270 revocare

199 3305 400 3368 malim,
440 3307 510 3357 ad
547 3321 710 3371 quam
746 3305 988 3370 pertinet
1026 3306 1270 3356 eiusdem
1295 3306 1402 3370 frg.
1435 3308 1547 3358 112.
1622 3311 1865 3368 ceterum
1904 3305 2033 3369 quid
2069 3305 2143 3354 sit
2178 3301 2415 3366 τρίπους

201 3380 444 3456 «dadone
489 3390 688 3440 melius
734 3404 896 3455 quam
940 3392 1214 3455 interpres
1249 3389 1480 3440 Pindari
1524 3394 1579 3439 te
1626 3389 1849 3440 docebit
1882 3391 2109 3440 Nonnus
2142 3389 2307 3441 Dion.
2348 3390 2415 3440 lV

201 3475 292 3524 289
315 3489 426 3540 sqq.
485 3475 554 3525 de
592 3474 799 3525 Cadmo
833 3474 1009 3525 haece
1045 3489 1305 3525 narrans:
1834 3475 1839 3478 ’

1674 3570 1826 3627 ἔνθα
1862 3570 2102 3642 κιχήσας

587 3655 822 3728 Δελφὸν
857 3653 1153 3728 άσιγήτοιο
1189 3653 1565 3727 μεσόμφαλον
1600 3649 1784 3724 ἄξονα
1822 3661 2066 3720 Πυθοῦς
2158 3681 2167 3688 ·

587 3738 954 3813 μαντοσύνην
991 3738 1205 3811 ἐρέεινε
1240 3745 1340 3799 καὶ
1381 3741 1649 3813 ἔμφρονα
1686 3743 1920 3807 Πύθιος
1954 3735 2113 3808 ἄξων

585 3828 880 3887 κυκλόθεν
914 3821 1268 3900 αὖτοβόητος
1307 3822 1581 3883 ἐθέσπισε
1617 3824 1843 3884 κοιλάδι
1882 3829 2060 3897 φωνῇ.

202 3931 338 3982 unde
373 3933 485 3985 fere
521 3935 858 3986 coniecerim
894 3934 1295 3986 Callimachum
1331 3935 1651 4002 scripsisse:

1598 4024 1629 4086 ὁ
1668 4033 1903 4100 τρίπους

588 4112 846 4187 αὖτῶρης
881 4111 975 4173 ὅτε
1009 4123 1194 4176 τοῖσιν
1229 4115 1527 4188 ἐπέφραδε
1561 4113 1791 4171 κοιλάδι
1829 4117 2006 4186 φωνῇ.

203 4215 389 4282 τρίπος
422 4212 768 4288 αὖτοβόητος
801 4225 978 4278 Nonn.
1014 4226 1178 4278 Dion.
1215 4226 1353 4278 XIII
1390 4228 1504 4277 133.
1576 4223 1651 4274 cf.
1690 4223 1757 4274 Ο.
1794 4221 2118 4273 Muellerum
2153 4223 2212 4273 in
2247 4224 2412 4276 Boet-

203 4303 359 4369 tigeri
389 4306 681 4360 Amalthea
717 4309 746 4359 I
780 4325 835 4375 p.
876 4311 991 4360 121.
2190 4334 2197 4339 ·
