2917 4992
1056 321 1519 386 —101-

183 500 370 579 dippa
401 506 533 558 erat
561 499 816 571 inserta,
849 497 1114 571 aetiis,
1148 495 1314 576 quod
1345 495 1595 577 quidem
1624 497 1791 556 haud
1823 518 2129 579 quaquam
2163 499 2413 560 excedit

179 601 372 661 fidem.
463 601 694 660 etenim
724 599 962 660 obscuri
1005 599 1182 660 istius
1227 599 1487 660 rhetoris
1519 618 1777 660 necesse
1824 608 1920 660 est
1948 601 2229 681 aequalis
2274 602 2409 662 fere

180 873 206 905 e
237 855 526 919 Didymeis
563 852 791 904 scholiis
827 853 994 902 ducta
1027 854 1131 918 sit,
1179 868 1320 918 quae
1359 853 1516 903 circa
1549 852 1730 902 locum
1765 853 2074 903 indicatum
2110 853 2241 905 olim
2274 854 2409 905 ube-

178 942 318 990 riora
353 940 532 990 fuisse
567 938 736 988 etiam
761 939 835 988 M.
874 937 1206 988 Schmidtius
1229 936 1448 1001 Didym.
1477 954 1531 1002 p.
1571 939 1673 988 220
1708 937 1779 987 ad
1817 937 1922 1004 frg.
1951 938 2015 989 13
2052 938 2147 1001 (cf.
2184 939 2291 1004 frg.
2320 937 2409 1003 14)

179 1025 390 1074 aliunde
442 1023 706 1088 conlegit.
755 1038 822 1072 ac
865 1024 1117 1088 suspicor
1153 1022 1445 1086 Didymum
1489 1020 1754 1072 lectorem
1791 1020 2123 1073 Callimachi
2170 1021 2408 1090 diligen·

177 1110 438 1159 tissimum
473 1108 636 1158 huius
672 1107 796 1173 ipsa
833 1106 1087 1158 attulisse
1124 1107 1324 1172 verba,
1370 1107 1429 1156 in
1468 1106 1663 1172 quibus
1702 1105 1806 1156 fuit
1841 1107 1900 1156 ni
1937 1106 2105 1158 fallor

1541 1193 1679 1274 (ᾗκι)
1716 1201 1934 1274 styma

575 1285 644 1344 αἱ
674 1287 805 1361 βόες

171 1380 256 1430 vel

1360 1454 1492 1530 βόες
1528 1449 1671 1529 (ᾗχι)
1709 1457 1945 1528 γένειαι.

170 1582 401 1632 namque
438 1565 638 1616 Suidas
673 1563 778 1614 hoc
815 1563 1107 1615 frustulum
1141 1564 1378 1630 praebet
1409 1565 1522 1614 iam
1559 1565 1630 1615 ab
1655 1565 1916 1615 Heckero
1944 1571 2234 1631 comment.
2262 1565 2405 1617 Call.

171 1669 217 1716 p.
241 1653 340 1702 109
364 1650 433 1700 ob
458 1665 615 1698 usum
640 1650 794 1700 vocis
819 1643 1039 1714 γένειος
1064 1648 1408 1700 Callimacho
1437 1649 1714 1699 addictum
1738 1649 1834 1710 (cf.
1858 1648 2075 1699 Callim.
2099 1650 2205 1715 frg.
2228 1653 2325 1701 103
2350 1655 2408 1700 et

170 1737 306 1800 252),
345 1734 491 1800 quod
516 1750 545 1784 e
571 1733 858 1799 Didymeis
895 1734 1126 1784 scholiis
1163 1750 1284 1784 eum
1320 1735 1551 1800 petiisse
1576 1749 1724 1784 reor:
1766 1725 1985 1798 γένειαι
2009 1726 2168 1799 βόες·
2206 1727 2275 1784 αἱ
2304 1724 2405 1798 cip·

170 1823 350 1884 χαῖαι.
389 1847 452 1856 —-·
491 1819 725 1883 denique
754 1818 1086 1869 Callimachi
1121 1818 1458 1869 imitatorum
1496 1818 1720 1869 serioris
1755 1819 1883 1869 aevi
1915 1818 2135 1868 turbam
2168 1817 2406 1869 lustran-

170 1909 273 1966 tes,
324 1905 378 1954 si
422 1905 544 1968 quis
592 1903 734 1953 forte
780 1903 1027 1969 vestigia
1070 1904 1344 1968 praebeat
1389 1903 1762 1955 adhibitorum
1796 1902 1951 1953 illius
1987 1918 2171 1954 eorum
2209 1903 2407 1954 carmi·

167 2005 304 2052 num,
347 2003 577 2054 quorum
613 1987 891 2052 fragmina
925 1991 1141 2038 tantum
1179 1989 1250 2038 ad
1285 1993 1475 2039 nostra
1507 1993 1759 2054 tempora
1792 1993 2179 2054 pervenerunt,
2217 1989 2277 2039 in
2298 1990 2407 2055 pri·

169 2076 264 2124 mis
299 2073 649 2139 Agathias
685 2071 1053 2123 scholasticus
1089 2088 1188 2123 nos
1227 2072 1482 2124 advertit.
1556 2087 1715 2138 quem
1741 2073 2163 2123 eruditissimum
2186 2078 2408 2139 poetam

169 2160 628 2224 scriptoremque,
682 2172 803 2207 cum
849 2159 1179 2224 praesertim
1215 2156 1665 2209 adulescentulus
1699 2157 2163 2208 Alexandriae
2200 2157 2408 2209 litteris

167 2243 440 2294 studuerit
476 2241 573 2306 (cf.
601 2241 870 2294 Niebuhri
905 2243 1079 2294 vitam
1103 2241 1382 2308 Agathiae
1419 2258 1472 2308 p.
1498 2242 1636 2292 XIII
1672 2241 1984 2307 editionis),
2020 2241 2406 2309 perprobabile

168 2334 244 2379 est
291 2342 441 2393 quae
489 2327 707 2391 quidem
748 2342 944 2393 parare
993 2327 1102 2379 sibi
1136 2327 1376 2392 potuerit
1409 2326 1791 2378 Callimachea
1846 2325 2037 2377 sedulo
2094 2326 2406 2378 lectitasse.

168 2417 218 2463 et
253 2411 517 2462 crederes
554 2411 729 2461 virum
765 2410 979 2462 saeculi
1014 2413 1091 2462 VI
1139 2412 1320 2462 altera
1363 2417 1525 2477 parte
1569 2412 1855 2463 florentem
1890 2411 2063 2478 largis
2102 2411 2278 2462 adhuc
2318 2427 2407 2463 co-

165 2500 266 2564 piis
304 2498 421 2548 frui
457 2497 724 2562 potuisse.
773 2500 832 2546 at
867 2512 975 2547 non
1011 2497 1118 2548 nisi
1145 2498 1599 2563 epigrammatum
1622 2497 2051 2562 hymnorumque
2077 2495 2409 2547 Callimachi

163 2583 435 2634 lectorum
469 2581 712 2647 vestigia
745 2581 804 2630 in
837 2581 1116 2648 Agathiae
1151 2581 1448 2648 poematiis
1484 2582 1725 2632 invenio.
1775 2595 1897 2632 cum
1933 2580 2151 2631 Callim.
2178 2597 2264 2647 ep.
2292 2583 2350 2641 2,
2378 2585 2404 2631 1

165 2669 233 2721 cf.
252 2665 466 2733 Agath.
487 2665 638 2716 anth.
659 2665 721 2717 P.
740 2667 790 2717 V
813 2667 931 2728 237,
957 2669 1006 2729 3,
1037 2681 1159 2716 cum
1186 2665 1400 2716 Callim.
1428 2681 1517 2731 ep.
1544 2667 1627 2730 17,
1657 2667 1685 2714 1
1713 2665 1785 2716 cf.
1810 2664 2013 2729 Agath.
2040 2664 2190 2716 anth.
2214 2665 2275 2715 P.
2298 2664 2407 2716 VII

165 2754 278 2817 583,
307 2754 360 2810 1,
398 2766 524 2801 cum
550 2749 771 2800 Callim.
797 2765 882 2816 ep.
911 2753 992 2812 17,
1019 2754 1051 2802 3
1076 2767 1156 2817 sq.
1183 2751 1255 2802 cf.
1284 2750 1489 2815 Agath.
1516 2749 1666 2803 anth.
1690 2749 1756 2799 P.
1776 2748 1882 2799 VII
1904 2749 2019 2812 589,
2050 2750 2098 2810 7,
2126 2764 2250 2798 cum
2278 2747 2401 2797 Cal-

164 2836 275 2887 lim.
305 2853 398 2901 ep.
426 2837 508 2893 23,
540 2835 565 2883 1
604 2835 678 2885 cf.
705 2835 909 2902 Agath.
937 2835 1086 2888 anth.
1112 2836 1180 2886 P.
1211 2836 1283 2885 x1
1317 2835 1434 2898 354,
1477 2836 1558 2900 17,
1596 2848 1718 2884 cum
1756 2831 1976 2883 Callim.
2014 2848 2101 2900 ep.
2141 2834 2222 2892 25,
2260 2834 2292 2882 6
2330 2833 2404 2883 cf.

164 2922 369 2988 Agath.
393 2919 545 2970 anth.
565 2919 627 2969 P.
647 2920 696 2970 V
721 2919 836 2978 280,
861 2920 913 2982 4,
941 2935 1064 2970 cum
1090 2919 1305 2971 Callim.
1333 2920 1390 2968 in
1409 2918 1590 2984 Apoll.
1615 2920 1713 2969 105
1738 2917 1813 2968 cf.
1834 2918 2040 2985 Agath.
2068 2917 2225 2968 anth.
2244 2917 2404 2968 Plan.

167 3009 277 3068 109,
321 3008 374 3068 1,
415 3019 537 3055 cum
575 3002 794 3054 Callim.
829 3003 890 3053 in
927 3003 1048 3058 Cer.
1089 3007 1189 3056 103
1225 3004 1300 3055 cf.
1335 3003 1539 3070 Agath.
1579 3004 1732 3054 anth.
1769 3004 1831 3056 P.
1855 3004 1936 3053 XI
1971 3006 2090 3064 379,
2126 3007 2175 3055 3.
2246 3017 2407 3068 porro

163 3106 382 3142 versum
419 3090 539 3140 sine
577 3089 822 3140 auctoris
856 3089 1074 3140 nomine
1113 3089 1183 3140 ab
1219 3088 1640 3155 Hephaestione
1676 3103 1731 3153 p.
1756 3091 1824 3139 97
1861 3088 2041 3142 Gaisf.
2077 3087 2404 3153 appositum,

167 3177 252 3238 qui
291 3172 631 3226 Callimachi
665 3171 813 3223 haud
847 3172 1012 3224 dubie
1051 3177 1137 3224 est
1171 3172 1268 3238 (cf.
1297 3172 1363 3225 Ο.
1390 3172 1787 3224 Schneiderum
1811 3171 2003 3238 philol.
2033 3172 2105 3222 VI
2128 3187 2180 3236 p.
2206 3173 2305 3222 536
2324 3186 2406 3235 sq.

167 3265 218 3310 ct
249 3257 562 3325 Bergkium
596 3261 770 3323 poett.
805 3257 906 3322 lyr.
945 3274 998 3325 p.
1038 3258 1221 3322 1075),

575 3359 716 3419 παῖς
749 3349 878 3410 ἅτε·
915 3356 1028 3410 τῶν
1063 3349 1123 3410 δ’
1162 3349 1333 3412 ἐτέων
1366 3350 1403 3426 ἦ
1445 3351 1619 3419 δεκὰς
1656 3345 1763 3409 οὐκ
1798 3349 1961 3423 ὀλίγη

167 3479 347 3528 paene
383 3462 660 3526 integrum
695 3461 924 3528 repetiit
957 3459 1158 3527 Agath.
1197 3461 1352 3511 anth.
1384 3462 1447 3512 P.
1486 3462 1536 3512 V
1572 3461 1697 3511 182:

467 3551 541 3612 ‘H
572 3553 781 3627 ὄαδινή
820 3561 1044 3628 Μελίτη
1080 3560 1304 3613 ταναοῦ
1339 3553 1434 3616 ἐπὶ
1470 3551 1685 3628 γήραος
1721 3553 1877 3630 ου’δῷ

575 3639 683 3713 τὴν
718 3637 832 3698 ἀπὸ
866 3643 968 3712 τῆς
1001 3636 1149 3714 ἥβης
1185 3637 1298 3698 οὐκ
1325 3637 1597 3713 «ἐπέθηκε
1633 3643 1819 3712 χάριν.

475 3722 606 3782 ἄλλ’
643 3723 726 3784 ἔτι
761 3731 1150 3798 μαρμαίρουσι
1185 3728 1497 3800 παρηΐδες,
1532 3725 1690 3799 ὄμμα
1728 3725 1793 3782 δὲ
1828 3723 2047 3796 &slyer

575 3805 644 3866 οὖ
682 3814 840 3867 λίπε·
877 3815 1010 3868 τῶν
1047 3807 1109 3868 δ’
1145 3808 1356 3868 ἐτέων
1388 3807 1426 3883 ἡ
1468 3809 1683 3874 δεκὰς
1719 3805 1845 3867 οὐκ
1885 3806 2105 3879 ὀλίγη.

473 3903 671 3967 μίμνει
695 3896 796 3951 καὶ
819 3895 885 3951 τὸ
909 3891 1184 3967 φρύαγμα
1218 3893 1292 3953 τὸ
1327 3917 1451 3953 παι
1470 3892 1699 3952 dcxciv·
1738 3893 1961 3951 ἐνθάδε
1987 3889 2046 3950 δ’
2073 3891 2269 3964 ἔγνων,

576 3975 696 4037 ὅττι
733 3981 914 4050 φύσιν
949 3984 1122 4037 νικᾶν
1157 3977 1188 4036 ὁ
1225 3979 1426 4052 χρόνος
1462 3974 1531 4037 οὗ
1566 3976 1830 4038 δύναται.

171 4121 218 4156 ν.
254 4107 288 4154 4
323 4104 526 4169 scripsi
560 4093 628 4154 οὗ
667 4101 824 4169 λίπε,
863 4103 1038 4155 codex
1073 4093 1143 4156 οὗ
1177 4098 1344 4155 λάθε.
1414 4102 1615 4154 suadet
1650 4106 1836 4154 autem
1872 4103 1996 4168 ipsa
2033 4100 2409 4152 similitudinis

170 4191 311 4241 ratio
346 4193 414 4238 ut
449 4188 764 4253 credamus,
806 4188 1207 4240 Callimachum
1243 4191 1350 4240 isto
1384 4187 1663 4240 versiculo
1698 4189 1757 4238 in
1782 4190 2105 4253 argumento
2131 4185 2409 4238 consimili

168 4289 324 4325 usum
364 4288 518 4337 esse,
565 4273 622 4323 id
670 4277 758 4325 est
801 4275 860 4324 in
897 4275 1168 4326 amatorio
1205 4275 1621 4342 epigrammate.
1694 4289 1763 4324 ac
1800 4271 2173 4328 dixeratsine
2210 4270 2406 4323 dubio:

319 4373 351 4414 l
