2917 4992
1113 325 1528 390 „69-

584 501 770 570 adfuit
814 505 870 554 et
909 516 1186 570 praesens
1226 507 1290 556 ut
1333 508 1464 556 erat
1510 507 1607 558 tua
1653 505 1818 560 verba
1864 509 2079 562 notavit

668 606 723 656 et
767 603 940 656 visast
981 607 1134 657 mota
1178 603 1323 658 dicta
1371 604 1565 660 tulisse
1607 621 1784 662 coma.

217 735 283 792 cs.
311 734 438 792 XX
467 741 533 796 97
565 754 658 813 sq.
707 732 874 813 quod
919 734 1272 812 prodigium
1316 734 1463 794 vide
1507 737 1655 796 mihi
1703 757 1884 818 quam
1930 741 2011 798 sit
2056 761 2135 799 ex
2178 742 2433 820 ingenio

217 855 276 893 ac
313 855 478 893 more
510 833 874 894 Callimachi
919 845 1306 915 usurpatum,
1351 845 1420 896 ut
1466 857 1545 896 ex
1590 838 1845 899 Graecis
1889 839 2045 900 illud
2092 861 2230 901 esse
2276 845 2434 922 peti-

215 945 322 994 tum
377 937 480 995 vel
538 937 871 996 clarissime
929 945 1160 1016 pateat.
1252 957 1394 996 nam
1453 937 1865 999 Callimachus
1922 942 2039 1018 frg.
2098 951 2133 1004 6
2193 955 2432 1005 narrat:

213 1027 549 1112 Κασάνδραν
603 1026 718 1114 γὰρ
772 1027 884 1111 τὴν
931 1029 1213 1114 Πριάμου
1269 1034 1458 1097 ἱκέτιν
1514 1025 1701 1098 οὖσαν
1738 1030 2007 1116 Ἀθηνᾶς
2062 1037 2127 1100 ἐν
2186 1044 2269 1125 τῷ
2328 1047 2435 1120 τῆς

211 1138 343 1208 θεᾶς
395 1137 564 1218 σηκῷ
617 1129 985 1220 κατῄσχυνεν
1045 1137 1229 1216 (Αἴας
1285 1128 1316 1197 ὁ
1373 1134 1655 1218 Λοκρός),
1714 1132 1859 1200 ὥστε
1914 1131 2027 1218 τὴν
2080 1133 2240 1203 θεὰν
2294 1139 2433 1216 τούς

212 1228 542 1316 ὀφθαλμούς
587 1239 696 1297 τοῦ
739 1232 955 1310 ξοάνου
999 1237 1076 1310 εἰς
1121 1229 1230 1315 τὴν
1273 1230 1506 1315 ὀροφὴν
1549 1239 1784 1319 τρέψαι.
1847 1245 1929 1304 ad
1974 1247 2290 1307 consimile
2320 1247 2431 1307 mi-

212 1342 457 1400 raculum
487 1338 532 1417 ¹)
581 1339 1001 1401 revocandum
1047 1351 1142 1401 est
1186 1342 1302 1420 frg.
1349 1353 1491 1407 132:

832 1549 846 1560 ·
1572 1468 1732 1550 ὅστις
1772 1467 2051 1558 ἆλιτροῦς

591 1565 873 1656 αὖγοῖζειν
916 1581 1219 1656 καθαραῖς
1260 1570 1334 1638 οὗ
1380 1572 1628 1638 δύναται
1674 1575 1933 1658 λογάᾷιν.

209 1738 264 1788 et
303 1731 444 1792 hinc
487 1729 1090 1790 commendationem
1131 1731 1367 1790 habent
1405 1731 1573 1792 haud
1607 1734 1919 1811 exiguam,
1968 1755 2127 1814 quae
2158 1737 2224 1793 in
2256 1737 2429 1795 scho-
2500 1743 2506 1749 '

210 1833 298 1891 liis
345 1832 542 1892 Ibidis
587 1835 933 1912 produntur
978 1833 1058 1892 ad
1103 1853 1162 1892 v,
1208 1840 1310 1896 377
1357 1855 1420 1912 p.
1466 1841 1572 1895 466
1614 1835 2043 1895 Merkelianae
2100 1835 2428 1897 editionis:

207 1937 398 1990 Lemnii
437 1954 474 1990 a
520 1935 976 1992 'Lacedaemoniis
1018 1939 1073 1991 in
1121 1940 1324 2008 templo
1365 1937 1657 1994 Minervae
1698 1944 1831 1994 sunt
1876 1942 2215 2012 interempti.
2284 1943 2435 2014 quod

207 2051 264 2090 ne
303 2039 510 2094 videret
553 2039 659 2094 dea
676 2081 692 2105 ‚
737 2040 924 2094 oculos
965 2053 1094 2094 suos
1137 2041 1382 2094 retorsit.
1465 2055 1542 2094 ex
1580 2057 1685 2111 quo
1728 2043 1890 2095 etiam
1934 2057 2082 2097 nunc
2126 2045 2182 2096 in
2227 2044 2431 2112 templo

207 2139 342 2193 vultu
382 2142 596 2194 retorto
641 2144 706 2193 ut
749 2139 880 2193 dicit
926 2139 1313 2194 Callimachus.
1417 2137 1581 2196 idem
1642 2158 1837 2215 genus
1892 2139 2181 2218 prodigia
2235 2140 2431 2198 habet

207 2235 351 2295 bene
396 2237 588 2296 multa
643 2237 726 2311 is,
786 2258 967 2318 quem
1011 2259 1045 2296 e
1097 2236 1476 2298 Callimacho
1537 2240 1801 2319 aliisque
1859 2239 2307 2298 Alexandrinis
2364 2241 2431 2298 in

207 2337 358 2395 hisce
412 2337 693 2417 pendere
752 2348 938 2398 antea
993 2340 1294 2398 monitum
1339 2349 1460 2413 est,
1527 2338 1879 2400 Ovidius.
1950 2341 2003 2399 is
2064 2340 2229 2400 enim
2284 2340 2429 2399 deo-

209 2459 323 2497 rum
365 2447 596 2498 statuas
643 2441 918 2500 ominoso
964 2441 1254 2500 miraculo
1299 2460 1440 2500 sese
1470 2423 1738 2501 movisse
1771 2443 2060 2501 oculosve
2093 2441 2428 2502 detorsisse

213 2549 400 2599 narrat
440 2550 585 2600 met.
631 2542 725 2601 IV
765 2547 872 2602 799
913 2561 1070 2621 sqq„
1115 2542 1182 2600 X
1224 2549 1326 2605 695
1372 2563 1486 2622 sq„
1536 2542 1629 2602 Ib.
1675 2551 1795 2614 378,
1844 2543 1983 2602 fast.
2029 2543 2099 2603 II
2142 2552 2208 2604 45
2253 2564 2348 2622 sq.
2369 2541 2417 2620 2)

214 2641 281 2698 cf.
325 2642 496 2700 etiam
544 2641 777 2701 Charit.
823 2643 892 2701 H
934 2651 984 2715 2,
1041 2651 1078 2704 8
1121 2662 1256 2701 cum
1298 2642 1567 2703 Dorvilli
1620 2652 1770 2702 nota
1813 2663 1877 2721 p.
1916 2652 2021 2703 302
2066 2643 2166 2701 ed.
2212 2643 2425 2701 Reisk.

215 2761 277 2798 ac
315 2743 379 2801 ΙΙ
418 2753 467 2816 5,
514 2751 567 2817 7,
616 2752 678 2802 et
722 2742 1090 2802 Dorvillium
1135 2742 1214 2801 ad
1259 2744 1321 2802 h.
1353 2743 1393 2801 l.
1423 2764 1488 2822 p.
1520 2753 1642 2817 313,
1688 2742 1793 2801 ubi
1839 2743 2177 2802 afferuntur
2217 2751 2428 2801 tamen

217 2844 489 2902 nonnulla
530 2844 733 2904 minus
778 2845 895 2904 huc
940 2843 1334 2924 quadrantis.

360 2945 486 3004 Iam
529 2965 674 3004 mox
715 2946 1016 3004 Acontius
1061 2945 1284 3004 misero
1332 2953 1547 3024 captus
1596 2945 1907 3005 desiderio
1953 2944 2271 3005 absentem
2306 2944 2429 3024 Cy-

215 3041 442 3124 dippam
487 3046 760 3126 deperit,
809 3045 1006 3106 redux
1049 3048 1332 3106 nimirum
1376 3047 1575 3106 factus
1621 3048 1688 3105 in
1733 3048 2020 3125 patriam,
2070 3046 2238 3126 quod
2270 3066 2428 3105 com-

214 3164 523 3207 memorare
567 3147 928 3228 imprudens
975 3148 1177 3208 omisit
1205 3148 1505 3226 sophista.
1566 3156 1629 3206 at
1674 3167 1819 3206 nec
1862 3147 2091 3206 maris
2136 3148 2425 3205 fluctus

212 3266 336 3306 nec
377 3249 726 3309 desideri
770 3257 1055 3308 aestum
1099 3250 1339 3308 facile
1387 3248 1906 3308 enarraveris.
1942 3281 2019 3290 —
2067 3266 2251 3326 quem
2297 3247 2427 3325 qui·

212 3346 336 3408 dem
364 3369 610 3410 sensum
640 3358 851 3428 aptum
881 3348 1214 3408 admodum
1245 3359 1430 3430 atque
1466 3350 1816 3428 elegantem
1850 3347 2223 3409 Callimacho
2256 3349 2429 3407 attri-

211 3444 443 3525 buerim,
481 3452 808 3530 eidemque
833 3451 1094 3510 inventa
1119 3452 1381 3510 fortasse
1404 3450 1714 3530 exquisita
1740 3450 2127 3529 aposiopesis
2156 3445 2297 3521 τέως
2319 3437 2431 3508 οὖν

209 3537 300 3604 τὸν
339 3550 595 3610 δείλαιον
643 3585 740 3624 —-,
805 3551 971 3632 quod
1015 3553 1332 3612 artificium
1378 3573 1507 3610 non
1552 3553 1770 3610 mirum
1818 3560 1986 3611 esset
2027 3552 2263 3611 rhetori
2305 3559 2431 3610 tam

207 3651 594 3714 vehementer
623 3654 930 3733 placuisse
961 3663 1030 3712 ut
1058 3653 1362 3731 integrum
1393 3653 1784 3712 transferret.
1833 3661 2018 3732 atque
2053 3660 2222 3711 extat
2250 3651 2427 3710 huius
2502 3640 2506 3644 ⁴

204 3749 492 3812 simillima
519 3755 587 3812 in
613 3752 759 3827 ciri,
791 3753 1207 3813 Alexandrini
1237 3754 1291 3812 si
1321 3753 1491 3833 quod
1522 3753 1693 3812 aliud
1724 3754 1947 3813 coloris
1978 3753 2266 3824 carmine,
2298 3759 2425 3812 136:

1706 3861 1747 3893 D

325 4002 364 4067 ¹)
402 4005 485 4055 Ad
521 4006 700 4070 ipsum
737 4005 842 4070 frg.
877 4007 910 4054 6
945 4019 1211 4054 revocare
1246 4004 1426 4054 voluit
1450 4003 1516 4054 Ο.
1545 4003 1914 4054 Schneiderus
1948 4001 2198 4068 proleg-g.
2235 4002 2293 4050 in
2319 4005 2427 4054 aet.

201 4098 250 4146 p.
279 4088 356 4138 17.
415 4090 513 4140 sed
551 4105 660 4155 qua
695 4089 920 4139 tandem
956 4088 1085 4154 lege
1123 4089 1190 4138 de
1225 4087 1452 4138 Diana
1490 4087 1677 4136 dicere
1714 4087 1852 4137 licet
1891 4079 2079 4152 [θεὸς]
2108 4075 2328 4152 Bone?

325 4170 366 4233 ²)
421 4172 507 4223 Cf.
547 4172 720 4222 etiam
754 4178 884 4223 met.
922 4174 1001 4222 IX
1038 4173 1136 4223 782
1169 4185 1316 4235 sqq„
1351 4172 1525 4235 Verg.
1561 4185 1749 4235 georg.
1787 4171 1813 4220 I
1848 4170 1949 4220 480
1984 4184 2127 4234 sqq„
2175 4168 2428 4234 Apollon.

199 4249 365 4304 Rhod.
399 4255 474 4305 IV
514 4256 664 4307 1282.
