2917 4992
1116 327 1533 394 ...27-

179 501 298 563 bit.
403 503 472 562 hi
517 503 712 578 enim,
760 502 928 584 quod
975 511 1106 564 erat
1148 503 1689 582 simplicissimum,
1748 510 2023 562 notatum
2068 509 2441 582 putaverunt

179 617 482 666 veterem
526 606 768 686 cyclum
829 606 1070 685 epicum
1129 625 1207 665 ex
1249 605 1438 666 wolfi
1492 604 1810 664 sententia
1852 623 1890 662 a
1934 604 2251 665 Pisistrato
2297 625 2440 667 con·

181 708 539 768 cinnatum.
629 727 750 788 qua
796 707 875 783 de
917 727 986 767 re
1030 725 1220 786 grave
1266 726 1430 766 nunc
1474 706 1733 766 accessit
1777 707 2151 784 grammatici
2202 708 2439 787 antiqui

179 809 648 882 testimonium,
727 808 892 890 quod
959 809 1316 868 continetur
1380 827 1517 867 cum
1582 809 1865 868 Parisino
1930 803 2065 885 περὶ
2130 805 2440 890 κωμῳδίας

181 911 706 972 commentariolo
759 919 886 972 tum
929 911 1202 970 Tzetzae
1258 910 1491 971 scholio
1548 910 1613 968 in
1658 908 2139 988 Aristophanem
2181 909 2440 970 Ambro-

179 1011 408 1072 siano.
469 1032 611 1072 nam
653 1021 882 1072 certum
924 1020 1167 1071 nosmet
1210 1011 1505 1072 habemus
1539 1011 1811 1072 Crameri
1855 1012 2175 1071 inventum
2221 1021 2440 1092 postea

179 1137 217 1175 a
263 1114 515 1175 Rothio
562 1133 806 1194 quoque
851 1115 916 1174 in
961 1133 1114 1173 mus.
1145 1115 1346 1174 Rhen.
1379 1135 1442 1174 n.
1474 1114 1604 1174 VII
1645 1133 1709 1192 p.
1744 1121 1845 1176 135
1888 1133 2027 1194 sqq.
2075 1114 2439 1193 explicatius

179 1215 724 1290 commendatum,
773 1215 940 1297 quod
981 1216 1049 1276 in
1093 1209 1190 1273 ἐπὶ
1214 1205 1529 1293 Κογκύλου
1572 1215 1675 1276 vel
1718 1210 1813 1274 ἐπὶ
1860 1216 2131 1292 norwico
2172 1215 2279 1276 ille
2310 1210 2435 1272 ἐπι·

177 1308 302 1376 κᾶν
361 1310 587 1376 κύκλον
631 1317 788 1378 dixit
829 1317 1044 1378 latere.

377 1455 508 1518 Iam
548 1453 799 1532 longam
843 1474 916 1514 ac
958 1454 1274 1533 spinosam
1319 1461 1381 1513 at
1421 1451 1592 1512 haud
1634 1451 2073 1514 infructuosam
2108 1453 2271 1512 viam
2302 1473 2439 1533 per·

178 1557 408 1616 mensi
451 1555 716 1615 redimus
764 1554 845 1615 ad
890 1552 1077 1615 Ovidi
1125 1575 1230 1616 eos
1274 1575 1519 1628 versus,
1580 1573 1617 1612 a
1663 1553 1881 1632 quibus
1933 1555 2190 1634 primum
2238 1555 2439 1616 exorsi

179 1678 429 1718 sumuS.
499 1675 650 1736 quos
695 1656 802 1718 ubi
845 1676 1010 1715 nunc
1053 1657 1424 1738 relegemus,
1470 1653 1638 1718 haud
1680 1656 1886 1736 paullo
1934 1657 2156 1716 clarius
2200 1655 2439 1716 illorum

180 1766 489 1840 patescet
529 1758 624 1818 vis
667 1777 740 1818 ac
783 1758 1073 1837 gravitas.

376 1893 598 1973 Itaque
641 1891 974 1973 Cydippae
1017 1893 1346 1971 imaginem
1387 1899 1456 1952 ut
1499 1891 1564 1950 in
1609 1892 1823 1972 primis
1866 1899 2097 1973 aptam,
2147 1912 2268 1972 qua
2299 1891 2438 1952 Cal-

180 1994 542 2055 limacheae
587 1995 796 2075 poesis
839 1995 1168 2073 singularis
1225 1995 1420 2054 forma
1476 2002 1665 2073 atque
1720 1993 1963 2054 indoles
2012 2003 2436 2074 repraesente-

181 2108 324 2171 tur,
391 2116 575 2176 quam
615 2097 748 2156 fieri
792 2097 987 2175 possit
1032 2096 1485 2155 accuratissime
1530 2097 1907 2174 suscepimus
1951 2097 2435 2156 instaurandam.

185 2200 456 2259 fortuna
498 2208 700 2258 autem
746 2197 970 2258 accidit
1013 2197 1311 2277 propitia,
1355 2198 1520 2258 utin
1552 2198 1682 2257 eius
1712 2200 2041 2276 poematis,
2091 2196 2255 2276 quod
2286 2205 2436 2256 tam-

187 2319 388 2380 quam
429 2298 690 2360 inlustre
737 2300 1056 2378 exemplar
1111 2307 1612 2360 commemoratur
1652 2299 1871 2377 ingeni
1913 2298 2273 2372 Battiadae,
2334 2319 2435 2358 ex-

182 2401 410 2461 tremis
461 2403 638 2480 quasi
680 2401 1074 2461 lineamentis
1131 2400 1500 2460 suscitandis
1556 2401 1646 2460 uti
1702 2399 1881 2462 nobis
1940 2402 2121 2461 liceat
2182 2400 2439 2464 ducibus

185 2503 514 2584 pergratis
557 2502 1067 2564 Aristaeneto
1116 2510 1178 2562 et
1225 2500 1529 2562 Ovidio.

375 2636 471 2696 Ac
511 2657 768 2716 magnus
813 2639 934 2696 iam
963 2638 1284 2698 Bentleius
1314 2638 1379 2696 in
1412 2657 1521 2697 sua
1565 2638 2044 2716 fragmentorum
2076 2636 2439 2697 Callimachi

186 2739 592 2800 conlectione
636 2738 756 2800 duo
799 2741 1175 2818 fragmenta,
1237 2759 1426 2800 unum
1474 2737 1828 2820 Cydippam
1868 2759 2211 2800 memorans
2258 2735 2434 2818 (101),

188 2843 490 2915 alterum,
549 2840 616 2900 in
661 2861 782 2921 quo
824 2841 1052 2902 Aconti
1107 2861 1331 2928 nomen
1391 2841 1559 2901 felici
1615 2840 1953 2918 sagacitate
1999 2841 2134 2920 ipse
2181 2842 2440 2920 agnovit

191 2945 436 3022 primus
470 2939 646 3021 (102),
693 2963 818 3002 una
849 2964 982 3003 cum
1014 2942 1324 3002 Ovidiano
1355 2943 1463 3002 illo
1504 2941 1765 3003 disticho
1799 2941 1910 3003 sub
1942 2944 2121 3003 titulo
2153 2941 2441 3019 Κυδίππη

199 3044 512 3117 exhibuit,
574 3042 765 3104 Ovidi
811 3044 1208 3124 epistularum
1252 3044 1383 3104 XX
1428 3051 1491 3103 et
1534 3043 1700 3103 XXI
1742 3043 1907 3104 haud
1953 3045 2059 3104 ille
2102 3045 2437 3106 immemor.

201 3141 530 3225 postmodo
561 3145 941 3206 Aristaeneti
988 3147 1095 3226 qui
1141 3145 1362 3206 dicitur
1405 3146 1735 3225 epistulam
1777 3146 1812 3204 I
1855 3157 1939 3220 10,
1988 3165 2109 3225 qua
2152 3147 2437 3206 inlustra-

201 3255 346 3307 rent
377 3245 736 3307 Callimachi
777 3248 933 3326 frgg.
965 3255 1050 3321 26,
1089 3255 1204 3320 169,
1237 3255 1358 3322 229,
1406 3247 1803 3307 adsciverunt
1846 3248 2177 3307 Piersonus
2222 3247 2437 3308 Ruhns

203 3349 433 3408 kenius
464 3349 745 3427 Toupius
775 3349 1246 3410 Valckenarius
1297 3357 1358 3408 et
1386 3348 1887 3408 Hemsterhusius
1934 3366 2181 3428 quoque
2223 3349 2287 3408 in
2330 3347 2437 3408 ad-

209 3448 434 3510 dendis
464 3450 544 3510 ad
573 3451 960 3530 Propertium
987 3450 1514 3512 Burmannianum
1556 3472 1618 3530 p.
1648 3459 1755 3514 932
1796 3452 2061 3510 monuit:
2106 3469 2247 3509 sane
2288 3454 2437 3510 nobi-

206 3554 270 3608 lis
313 3560 394 3609 est
424 3560 662 3626 praeter
705 3560 922 3610 ceteras
964 3561 1128 3628 atque
1171 3570 1348 3612 aurea
1391 3555 1533 3610 haee
1576 3555 1825 3628 Epistola
1855 3554 2253 3629 (Aristaenetik
2296 3572 2439 3628 quae

199 3661 502 3728 propterea
545 3657 773 3712 maioris
815 3662 896 3712 est
936 3660 1198 3713 momenti
1236 3658 1666 3730 diligentiorique
1706 3675 1851 3714 cara
1876 3659 2153 3730 perpoliri
2177 3664 2436 3725 meretur,

204 3759 351 3829 quod
389 3771 467 3813 ex
511 3757 836 3814 Callimachi
877 3757 1124 3832 Cydippe
1137 3802 1150 3826 ,
1206 3760 1429 3816 mutatis
1470 3761 1528 3814 in
1563 3759 1880 3832 pedestrem
1922 3763 2221 3816 orationem
2264 3760 2435 3815 versi·
2489 3778 2497 3784 ·

204 3858 306 3914 bas
345 3873 622 3931 expressa
663 3860 918 3916 videatur
959 3865 1014 3916 et
1052 3865 1357 3916 contracta.
1431 3859 1627 3918 nihilo
1674 3859 1865 3920 setius
1922 3866 2130 3917 nostro
2186 3857 2437 3917 saeculo

201 3958 352 4017 talia
393 3957 660 4018 Bachius
705 3957 992 4019 vendidit
1033 3957 1259 4019 Philet.
1305 3981 1369 4040 p.
1415 3967 1483 4022 15
1526 3979 1654 4041 sq.:
1715 3961 1843 4018 Iam
1895 3977 2023 4018 vero
2076 3962 2203 4017 inde
2244 3977 2282 4015 a
2325 3960 2438 4016 Mi-

201 4064 440 4117 mnermi
476 4063 646 4135 eleyis
687 4065 999 4131 amatoriis,
1047 4061 1339 4119 Nannonis
1379 4066 1593 4119 amicae
1634 4065 1850 4119 nomine
1891 4063 2194 4133 inscriptis,
2238 4068 2437 4134 ,poeta-

198 4179 327 4218 ram
368 4164 739 4237 eleqiacorum
784 4165 1078 4236 principes
1117 4180 1362 4238 quosque
1394 4167 1622 4237 puellae
1662 4166 1721 4219 in
1764 4163 2101 4220 carminibus
2131 4165 2438 4236 plurimam

194 4265 510 4322 celebratae
574 4266 744 4350 quasi
800 4265 1088 4324 dedicasse
1140 4273 1401 4341 poemata
1415 4309 1430 4337 ,
1496 4269 1620 4340 ipsa
1683 4267 1783 4323 illa
1846 4273 2075 4324 testatur
2133 4266 2443 4323 Antimachi
