2917 4992
1382 334 1804 397 „42-

475 513 540 569 in
586 510 866 590 epistulis
910 509 1138 572 Aconti
1191 516 1253 569 et
1298 508 1626 588 Cydippae
1669 516 1868 568 totum
1920 507 2051 566 fere
2095 526 2231 566 sese
2288 507 2591 586 applicuit
2638 507 2721 567 ad

477 612 837 672 Callimachi
881 612 1173 692 elegiam,
1221 612 1310 670 ita
1353 611 1525 669 illam
1568 610 1717 670 facit
1761 608 2070 669 dicentem
2110 609 2276 669 XXI
2322 617 2426 672 209
2468 627 2608 690 sqq.

879 716 1161 784 mirabar,
1207 729 1386 788 quare
1427 714 1529 769 tibi
1564 727 1762 770 nomen
1807 711 2076 769 Acontius
2112 717 2290 770 esset.-

964 818 1113 890 quod
1145 816 1336 890 faciat
1377 817 1535 889 lonye
1576 816 1773 872 vulnus
1814 829 2049 872 acumen
2085 814 2273 870 habes·

881 923 1040 976 certe
1081 934 1178 992 39⁰
1223 905 1479 974 convalui
1510 915 1761 989 nondum
1806 917 1875 974 de
1916 918 2146 973 vulnere
2188 917 2316 984 tali,

963 1025 1028 1077 ut
1069 1021 1248 1077 iaculo
1288 1021 1520 1091 scm‘ptis
1563 1021 1775 1074 eminus
1818 1021 1933 1074 icta
1974 1021 2104 1078 tuis.

474 1137 651 1196 vides
690 1137 982 1198 Latinum
1024 1145 1301 1216 poetam,
1365 1156 1503 1194 cum
1547 1135 1822 1196 Graecae
1866 1134 2297 1215 originationis
2340 1133 2724 1195 commodam

476 1238 837 1299 facilitatem
889 1259 1159 1318 aequare
1213 1259 1341 1298 non
1396 1245 1607 1316 posset
1661 1237 1953 1317 idemque
2013 1235 2223 1296 lumen
2288 1236 2454 1295 istud
2520 1235 2724 1295 nollet

477 1341 860 1419 relinquere,
906 1341 1059 1401 scite
1102 1341 1192 1399 ita
1233 1359 1301 1399 se
1353 1334 1702 1418 expediise,
1760 1348 1829 1399 ut
1884 1338 1965 1397 ad
2010 1337 2446 1418 explicandum
2486 1336 2724 1397 Aconti

475 1461 700 1501 nomen
773 1458 1008 1499 acumen
1080 1441 1450 1500 adscisceret
1522 1449 1782 1521 perapta
1852 1448 2217 1520 usurpatum
2290 1439 2720 1518 ambiguitate.

474 1545 718 1604 tametsi
763 1545 852 1603 eis
897 1563 1057 1624 quae
1101 1552 1424 1616 secuntur,
1472 1543 1736 1602 maxime
1776 1545 1949 1600 iaculi
1973 1531 2317 1615 mentione,
2366 1540 2722 1601 considera-

474 1646 554 1704 tis
602 1645 679 1705 de
727 1645 963 1706 Graeco
1009 1646 1291 1725 exemplo
1344 1643 1647 1705 dubitatio
1693 1644 1963 1705 residere
2016 1645 2256 1724 nequit.
2343 1644 2545 1703 sentio
2602 1644 2722 1722 igi-

474 1755 576 1806 tur
627 1748 734 1806 ita.
837 1747 1249 1808 Callimachus
1316 1756 1604 1828 poetatus
1675 1755 1769 1806 est
1819 1746 2155 1807 Acontium
2216 1735 2521 1803 ἀκοντίσαι
2584 1754 2725 1804 tum

475 1849 913 1928 pulcritudinis
958 1869 1108 1908 suae
1153 1849 1398 1908 aculeos
1445 1851 1513 1907 in
1558 1849 1809 1908 crebros·
1846 1849 2274 1922 admiratoreS,
2319 1857 2454 1908 tum
2495 1849 2563 1907 in
2596 1846 2722 1928 Cy-

479 1949 731 2029 dippam
773 1959 992 2028 postea
1033 1949 1226 2010 fatale
1269 1949 1427 2010 illud
1469 1969 1736 2030 pomum.

479 2149 680 2186 cusem.
755 2151 882 2184 nam
915 2133 1202 2186 Merkelus
1239 2136 1332 2200 qui
1369 2135 1436 2186 de
1473 2134 1676 2186 Ovidio
1712 2136 1914 2200 optime
1950 2136 2176 2198 meruit,
2218 2138 2351 2200 puto
2386 2149 2458 2184 ne
2492 2135 2725 2198 ineptam

473 2221 880 2284 superstitionem
927 2218 1190 2285 amplecti
1233 2219 1547 2284 videretur,
1592 2235 1757 2271 versu
1802 2221 1865 2270 12
1912 2219 2183 2270 conclusit
2228 2218 2523 2285 epistulam
2566 2219 2721 2281 XXI,

474 2304 720 2355 relicuos
753 2319 976 2370 versus,
1026 2306 1155 2370 quia
1192 2305 1390 2372 desunt
1424 2306 1484 2354 in
1521 2305 1927 2369 antiquioribus
1965 2306 2275 2366 codicibus,
2320 2319 2391 2353 ne
2430 2302 2724 2354 inclinatis

479 2391 698 2455 quidem
722 2389 929 2440 litteris
953 2390 1248 2454 impressos
1275 2391 1333 2440 in
1358 2403 1456 2440 suo
1483 2388 1681 2440 Ovidio
1718 2390 1832 2456 legi
1867 2405 2090 2455 passus,
2121 2390 2181 2440 in
2206 2403 2311 2454 quo
2345 2387 2553 2439 honore
2580 2387 2723 2453 Sap-

475 2473 612 2539 phus
651 2479 800 2525 certe
847 2475 1142 2540 epistulam
1186 2463 1432 2525 habuit.'
1470 2475 1762 2540 putavitne
1809 2475 1981 2541 igitur
2024 2474 2205 2525 tales
2242 2487 2432 2526 versus
2479 2489 2548 2524 ex
2582 2472 2727 2523 Itali

481 2560 674 2610 nescio
710 2561 864 2610 cuius
901 2559 1129 2611 officina
1163 2560 1382 2626 prodire
1416 2561 1699 2625 potuisse?
1758 2563 1906 2610 certe
1946 2575 2069 2609 eam
2102 2559 2451 2611 Lachmanni
2488 2562 2547 2608 et
2572 2559 2723 2632 Mer—

476 2643 595 2694 keli
631 2649 872 2696 mentem
920 2645 1094 2695 fuisse
1131 2644 1232 2695 alii
1277 2644 1593 2710 conlegere.
1665 2649 1725 2695 at
1758 2642 1905 2694 hanc
1943 2660 2075 2696 vero
2111 2647 2450 2695 sententiam
2483 2642 2578 2694 vel
2603 2657 2724 2693 una

470 2728 876 2780 Maximiani
922 2730 1160 2780 imitatio
1195 2731 1434 2782 nondum
1481 2730 1869 2781 animadversa
1914 2728 2277 2794 convelleret,
2326 2729 2469 2794 eleg.
2514 2729 2545 2779 I
2587 2728 2723 2778 254:

466 2830 636 2877 parva
669 2817 790 2864 licet
821 2831 1046 2880 magnum
1086 2818 1297 2880 pallia
1333 2817 1589 2880 pondus
1634 2815 1881 2866 habent.
1927 2815 1999 2866 cf.
2038 2813 2139 2868 Ov.
2178 2831 2265 2880 ep.
2302 2814 2435 2864 XXI
2470 2815 2599 2865 170:
2670 2818 2724 2862 et

473 2900 682 2962 gravius
715 2902 846 2950 iusto
877 2901 1085 2963 pallia
1113 2901 1366 2964 pondus
1400 2901 1647 2953 habent.
1719 2900 1864 2952 unde
1900 2898 2264 2967 probabiliter
2301 2896 2636 2960 concludas,
2686 2913 2722 2946 a

475 2981 815 3033 Maximiano
840 2983 1009 3036 Ovidi
1034 3001 1170 3050 prae
1196 2984 1397 3034 ceteris
1423 2984 1682 3050 diligenti
1716 2985 1995 3039 imitatore
2023 2984 2317 3049 epistulam
2340 2982 2472 3033 XXI
2491 2986 2556 3032 ut
2581 2980 2723 3033 ovi-

473 3066 697 3116 dianam
723 3082 846 3117 esse
882 3068 1212 3120 lectitatam.
1267 3073 1395 3120 sunt
1429 3073 1620 3121 tamen
1645 3072 1787 3122 etin
1819 3071 1945 3136 ipsa
1968 3085 2139 3122 nuce
2178 3068 2411 3133 elegia
2442 3082 2557 3128 non
2590 3071 2723 3134 post

476 3149 712 3216 Augusti
737 3152 997 3204 Tiberive
1031 3159 1250 3221 tempus
1287 3155 1499 3220 scripta
1534 3155 1807 3220 quaedam
1830 3155 2249 3208 similitudinem
2284 3169 2394 3211 non
2430 3152 2725 3204 fortuitam

478 3250 601 3286 cum
625 3239 879 3290 versibus
905 3239 1178 3305 epistulae
1203 3239 1337 3290 XXI
1370 3240 1702 3306 quibusdam
1721 3239 2018 3302 habentia,
2055 3241 2116 3290 in
2134 3239 2341 3306 quibus
2365 3239 2511 3290 hanc
2549 3253 2725 3304 quam

471 3316 628 3370 illam
665 3323 910 3390 exemplo
949 3325 1120 3375 fuisse
1153 3325 1272 3388 veri
1306 3323 1543 3378 similius
1570 3329 1669 3378 est.
1744 3326 1818 3380 cf.
1858 3342 1941 3391 ep.
1978 3326 2111 3380 XXI
2146 3328 2176 3378 7
2216 3329 2273 3375 et
2306 3340 2430 3378 nuc.
2469 3325 2587 3389 121,
2628 3339 2723 3390 ep.

471 3403 603 3454 XXI
642 3406 738 3456 181
779 3411 835 3457 et
869 3423 994 3460 nuc.
1031 3410 1084 3464 ὅ.
1151 3414 1458 3475 spretorum
1496 3409 1681 3462 auteni
1717 3411 2110 3464 236·versumn
2146 3409 2351 3476 optime
2387 3423 2565 3475 nuper
2598 3424 2723 3460 rem

472 3491 720 3556 suscepit
755 3492 1037 3544 Lucianus
1072 3494 1376 3546 Muellerus
1410 3495 1450 3548 1.
1490 3511 1537 3548 c.
1575 3513 1627 3562 p.
1662 3496 1731 3548 43
1768 3510 1918 3562 sqq.,
1953 3497 2051 3562 qui
2085 3495 2306 3547 omnino
2344 3495 2409 3544 de
2434 3497 2570 3552 tota
2604 3493 2723 3544 hac

473 3576 798 3638 quaestione
827 3593 896 3628 ea
931 3577 1210 3630 subtiliter
1245 3580 1581 3646 disputavit,
1618 3581 1815 3647 quibus
1850 3580 2159 3632 mefiudice
2194 3581 2340 3631 ratio
2377 3580 2495 3631 fere
2532 3579 2721 3628 conti-

471 3664 670 3709 neatur
695 3660 858 3713 huius
883 3663 1153 3714 materiae
1178 3669 1332 3715 recte
1368 3665 1716 3717 tractandae.
1780 3682 1847 3717 ac
1868 3665 2081 3734 clamat
2108 3665 2275 3724 etiam
2302 3664 2553 3715 codicum
2580 3678 2720 3714 con-

471 3743 620 3795 dicio
651 3761 685 3796 a
710 3748 871 3798 nobis
895 3748 954 3797 in
988 3749 1344 3814 praefatione
1371 3750 1454 3800 ad·
1475 3750 1579 3800 XX
1616 3755 1671 3802 et
1694 3751 1827 3802 XXI
1864 3749 2195 3816 explanata,
2234 3764 2396 3814 quam
2431 3763 2545 3800 non
2577 3763 2719 3806 vere

471 3843 645 3893 nuper
678 3833 968 3898 repetierit
999 3833 1388 3898 Bernhardyus
1423 3851 1593 3886 roem.
1631 3836 1740 3886 Lit.
1778 3835 1886 3900 (ed.
1921 3835 2021 3900 IV)
2058 3851 2113 3900 p.
2148 3836 2275 3887 527:
2344 3835 2427 3885 die
2463 3835 2720 3898 diploma-

477 3915 634 3966 tiscloe
677 3917 946 3969 Tradition
981 3917 1146 3969 bricht
1179 3919 1261 3969 bei
1293 3921 1382 3986 21,
1420 3923 1488 3970 12
1522 3920 1604 3974 ab.
1676 3925 1922 3972 ceterum
1960 3917 2233 3985 epistulae
2268 3917 2473 3972 Aconti
2508 3922 2567 3968 et
2602 3917 2719 3982 Cy-

472 3997 676 4064 dippae
713 4002 940 4054 duorum
965 4008 1158 4068 aperto
1193 4009 1320 4054 sunt
1356 4009 1657 4057 auctorum.
1694 4019 1956 4071 'namque
1992 4004 2129 4060 XXI
2158 4004 2331 4056 multo
2367 4003 2715 4069 ineleganti-

471 4083 582 4132 oris
612 4087 774 4150 atque
809 4088 1203 4140 immaturioris
1231 4095 1317 4142 est
1349 4091 1561 4156 ingeni.
1631 4089 1920 4157 probabile
1955 4103 2089 4142 vero
2119 4093 2232 4152 est,
2267 4091 2722 4144 inter-auctores

474 4162 830 4226 epistularum
857 4173 986 4224 XVI
1017 4177 1074 4224 et
1093 4174 1280 4237 XVII,
1316 4175 1503 4226 XVIII
1528 4180 1585 4227 et
1607 4177 1763 4237 XIX,
1799 4176 1902 4226 XX
1928 4179 1983 4226 et
2004 4175 2138 4229 XXI
2176 4174 2406 4226 eandem
2430 4173 2721 4226 rationem

425 4249 856 4306 ’intercessisse
896 4261 1059 4324 atque
1094 4258 1240 4308 inter
1277 4258 1536 4310 Ovidium
1572 4265 1628 4312 et
1664 4261 1945 4316 Sabinum.
