2917 4992
1405 329 1825 395 -30-

499 503 914 584 Asclepiades
961 505 1130 564 anth.
1177 505 1249 564 P.
1281 505 1417 563 XII
1451 512 1553 567 163
1594 485 1770 582 εὗρεν
1798 493 1991 580 Ἔρως
2033 523 2091 561 u
2134 502 2300 586 καλῷ
2340 501 2505 579 ,ugus
2548 496 2737 564 κακόν

501 625 556 666 e.
604 627 664 685 q.
711 625 760 665 s.
807 607 906 664 cll.
955 604 1072 665 Ov.
1117 612 1263 665 met.
1308 606 1400 665 IV
1443 615 1513 668 55
1555 625 1652 685 sq.

671 723 1022 804 Cydippam
1063 724 1248 801 igitur
1305 724 1577 803 propitia
1621 725 1835 784 Venus
1880 723 2115 782 cunctis
2160 724 2285 782 suis
2348 721 2593 784 dotibus
2642 723 2731 782 di-

499 826 828 900 stinxerat,
890 846 1012 884 uno
1039 879 1044 883 .
1071 833 1236 884 cesto
1297 824 1412 884 sibi
1470 833 1813 898 reservato,
1884 844 2066 904 quem
2109 823 2459 904 possideret
2501 826 2639 885 sola
2657 822 2733 902 1).

498 928 600 986 hic
643 928 828 1004 igitur
870 926 1392 1006 interponendum
1435 927 1553 1006 frg.
1596 947 1824 986 novum
1869 926 2034 1006 quod
2079 927 2143 985 in
2190 927 2379 986 schol.
2409 927 2485 986 Il.
2532 927 2593 983 Γ
2626 935 2729 990 371

496 1027 684 1088 habet
713 1029 991 1090 Venetus
1020 1030 1107 1103 A,
1156 1030 1398 1088 tametsi
1444 1050 1573 1088 non
1616 1025 1934 1108 spondeo,
1980 1027 2061 1086 ad
2103 1027 2267 1088 hunc
2306 1029 2503 1088 solum
2530 1029 2734 1088 locum

498 1129 653 1188 illud
696 1131 1042 1209 pertinere:

433 1267 470 1307 11
665 1241 1148 1320 πολύκεστος.
1205 1239 1292 1306 ὅτι
1337 1243 1694 1318 πολύκεστος
1730 1237 1761 1306 ὁ
1795 1245 2254 1324 πολυκέντητος·
2300 1243 2365 1306 ἐκ
2410 1244 2475 1308 δὲ
2516 1243 2733 1308 τούτου

495 1333 528 1406 ὁ
571 1347 841 1421 ποικίλος
885 1347 1164 1426 δηλοῦται
1210 1341 1310 1408 διὰ
1352 1339 1456 1422 τὰς
1501 1340 1719 1430 ῥαφάς.
1775 1346 1877 1408 καὶ
1922 1339 1955 1408 ὃ
1998 1349 2105 1424 τῆς
2132 1339 2485 1428 Ἀφροδίτης
2526 1344 2732 1422 κεστός

495 1440 616 1508 ἀπὸ
642 1442 875 1512 τούτου.
920 1451 1026 1532 ίτῇ
1061 1451 1178 1509 νῦν
1220 1450 1430 1509 τοῦτον
1475 1443 1692 1528 ι’μοῖντα
1734 1449 2033 1510 ποικίλον’
2067 1446 2158 1529 (Ξ
2178 1451 2335 1530 219).
2378 1440 2411 1510 ὃ
2442 1447 2507 1510 δὲ
2537 1453 2731 1510 Καλ-

499 1551 810 1629 λίμαχος
855 1541 934 1623 ὥς
978 1543 1167 1630 ὄνομα
1210 1545 1420 1634 κύριον
1463 1552 1572 1612 τοῦ
1613 1550 1858 1630 ἴμαντος
1900 1545 2004 1612 τὸν
2047 1542 2253 1612 κεστὸν
2296 1549 2607 1630 ἐκδέχεται.

667 1671 844 1732 Idem
885 1673 1166 1734 Venetus
1211 1668 1270 1738 Ξ
1303 1681 1436 1736 214:
1483 1658 1521 1748 ἡ
1564 1668 1781 1748 διπλῆ,
1827 1659 1916 1730 ὅτι
1960 1661 2163 1742 κεστὸς
2206 1667 2274 1730 ἐκ
2317 1671 2733 1748 παρεπομένου

494 1760 527 1831 ὅ
571 1772 872 1847 ποικίλος,
925 1762 1047 1833 ἇπὸ
1089 1773 1197 1832 τοῦ
1241 1763 1342 1831 διὰ
1383 1763 1491 1844 τὰς
1534 1763 1735 1853 ῥαφὰς
1790 1771 2222 1848 κεκεντῆσθαι,
2276 1767 2732 1850 ἐμπεποικιλμέ-

496 1895 604 1949 νης
646 1874 754 1949 τῆς
796 1868 1112 1950 φιλότητος
1154 1870 1256 1933 καὶ
1303 1870 1511 1952 ἱμέρου
1553 1870 1657 1933 καὶ
1700 1863 2031 1953 ὀαριστύος.
2088 1870 2190 1934 καὶ
2219 1863 2333 1932 οὐκ
2362 1870 2485 1934 ἔστι
2513 1868 2731 1950 κύριον

495 1968 716 2051 ὄνομα,
761 1965 852 2046 ὥς
896 1972 1090 2034 ἔνιοι
1133 1975 1276 2034 τῶν
1320 1963 1683 2052 ἀρχαίων·
1734 1965 1957 2036 διὸκαὶ
1990 1967 2083 2034 ἐπ’
2130 1965 2317 2033 ἄλλου
2358 1971 2513 2054 λέγει
2557 1969 2732 2054 ίἄγχε

499 2073 561 2134 δέ
603 2097 707 2152 μιν
751 2067 1105 2147 πολύκεστος
1150 2069 1320 2153 ἵμας’
1371 2077 1457 2157 (Γ
1492 2075 1643 2155 371).
1730 2079 1927 2139 voluit
1968 2078 2086 2138 hoc
2128 2077 2315 2155 igitur
2358 2078 2730 2156 scholiogra·

494 2179 684 2258 phus:
733 2178 1140 2240 Callimachus
1185 2200 1298 2259 pro
1342 2179 1729 2240 substantivo
1771 2179 2091 2260 usurpavit
2119 2172 2320 2251 κεστός
2346 2179 2728 2254 vocabulum,

497 2301 630 2340 cum
685 2282 990 2340 Homerus
1057 2281 1364 2340 adiective
1429 2281 1708 2359 posuerit
1765 2290 1828 2341 et
1884 2270 2241 2350 πολύκεστος
2298 2289 2360 2340 et
2424 2273 2631 2352 κεστός
2655 2278 2730 2358 ²).

498 2382 879 2460 dignoscitur
921 2390 1125 2441 autem
1169 2382 1351 2442 facile
1392 2383 1671 2444 scholion
1700 2381 1857 2442 illud
1885 2382 2339 2445 Aristoniceum
2372 2381 2473 2462 (cf.
2506 2383 2731 2442 Lehrsi

493 2484 830 2544 Aristarch.
877 2505 940 2563 p.
987 2481 1078 2561 15)
1105 2529 1122 2558 ‚
1183 2485 1320 2563 ipsa
1377 2483 1810 2544 observatione
1856 2483 1935 2544 ab
1978 2483 2321 2544 Aristarchi
2366 2483 2540 2564 dipla
2583 2505 2728 2563 pro·
2818 2487 2823 2494 ’

495 2585 658 2644 fecta
716 2587 802 2664 (v.
857 2587 899 2644 l.
959 2606 1011 2644 c.
1072 2607 1135 2665 p.
1182 2581 1330 2662 193),
1385 2593 1453 2644 ut
1508 2586 1785 2665 apprime
1840 2587 1960 2646 huc
2012 2586 2240 2646 cadant
2292 2585 2515 2646 Lehrsi
2568 2586 2729 2646 haec

493 2686 686 2747 verba
728 2687 1065 2746 Aristarch.
1112 2709 1174 2768 p.
1219 2695 1291 2748 80
1333 2707 1460 2766 sq.:
1507 2685 1923 2758 (Aristarchus)
1967 2706 2069 2746 nec
2098 2690 2515 2754 Alexandrinos
2554 2692 2731 2746 sicubi

493 2792 564 2845 ab
606 2792 848 2846 Homero
892 2792 1234 2846 desciverant
1285 2799 1483 2846 notare
1526 2794 1942 2863 praetermisit,
2000 2800 2061 2848 ut
2100 2794 2157 2846 in
2202 2791 2533 2848 Callimacho
2574 2791 2727 2864 fecit,

413 2907 418 2911 ·
492 2909 544 2948 v.
589 2891 760 2946 schol.
806 2884 862 2951 Ξ
899 2894 1030 2948 499.
1118 2908 1330 2949 verum
1373 2898 1583 2948 tamen
1628 2911 1775 2950 num
1830 2891 2059 2970 primus
2108 2889 2515 2950 Callimachus
2560 2888 2742 2949 inter

493 2989 631 3048 illos
674 2981 958 3064 ἀρχαίους
981 2984 1034 3066 3)
1089 2989 1265 3050 verbi
1325 3011 1499 3050 usum
1555 2990 1632 3050 ab
1678 2992 2007 3053 Homerico
2052 2991 2133 3050 ad
2190 3011 2327 3052 eum
2381 2991 2725 3061 deflexerit,

494 3091 630 3169 qui,
675 3091 728 3150 si
756 3091 1049 3150 Nonnum
1080 3092 1384 3172 excipias,
1431 3093 1498 3150 in
1542 3102 1856 3173 posterum
1882 3111 2179 3172 regnasse
2208 3092 2485 3167 videtur,
2530 3094 2724 3152 multo

490 3193 622 3252 iure
684 3192 947 3252 dubitari
1001 3201 1225 3273 potest.
1313 3194 1428 3254 sed
1474 3194 1759 3274 ambigua
1812 3215 1911 3254 res
1956 3198 2021 3254 in
2074 3204 2251 3256 tanta
2306 3195 2725 3273 exemplorum

493 3313 650 3372 quae
694 3303 1025 3374 supersunt
1066 3295 1398 3374 paucitate.

658 3411 847 3490 Apud
913 3414 1250 3492 sophistam
1317 3415 1619 3501 deinceps
1682 3423 1971 3475 secuntur
2027 3414 2328 3474 dulcicula
2389 3416 2725 3494 praeconia

491 3512 799 3571 oculorum
845 3512 1176 3593 Cydippae
1233 3524 1294 3574 et
1337 3503 1567 3575 Aconti
1613 3513 2011 3596 eiusdemque
2068 3535 2379 3594 genarum.
2446 3524 2509 3575 et
2554 3515 2725 3595 quod

491 3612 736 3692 quidem
807 3615 1030 3674 attinet
1085 3616 1166 3675 ad
1219 3615 1485 3675 Hesiodi
1550 3618 1960 3691 mentionem,
2030 3637 2105 3676 ea
2158 3619 2266 3676 vix
2322 3617 2568 3677 dubium
2631 3627 2726 3676 est

491 3714 638 3796 quin
699 3735 736 3773 a
794 3711 1170 3777 Callimacho
1232 3717 1417 3776 fuerit
1476 3717 1681 3778 aliena
1734 3718 1968 3799 unique
2024 3717 2341 3798 sophistae
2400 3718 2721 3779 debeatur.

623 3933 666 3998 ¹)
703 3936 860 3998 Quod
899 3935 969 3984 ad
1002 3933 1148 3986 hunc
1181 3936 1368 4002 igitur,
1405 3935 1694 3988 liberalius
1730 3941 1963 4004 egerunt
1985 3936 2335 4002 Antiphanes
2370 3935 2521 3986 anth.
2552 3937 2617 3986 P.
2643 3938 2722 3987 VI

487 4019 554 4069 88
592 4025 648 4070 et
681 4020 960 4071 Leonidas
997 4021 1364 4072 scholasticus
1400 4022 1551 4071 anth.
1588 4021 1748 4072 Plan.
1786 4023 1905 4073 288.

621 4101 670 4168 ²)
708 4104 793 4154 De
818 4105 1133 4170 significatu
1160 4111 1322 4170 atque
1349 4107 1561 4172 origine
1589 4107 1853 4157 adiectivi
1877 4106 1953 4156 cf.
1978 4105 2230 4156 Lobecki
2259 4105 2491 4156 rhemat.
2520 4121 2570 4170 p.
2601 4107 2717 4154 121.

621 4183 668 4250 ⁸)
705 4187 790 4236 Ea
826 4177 1080 4254 ἀρχαίων
1113 4192 1266 4240 notio
1303 4205 1485 4241 serum
1519 4190 1705 4256 prodit
1738 4191 2157 4256 grammaticum
2182 4205 2284 4241 sua
2307 4189 2449 4240 haec
2474 4189 2717 4240 dictione

490 4270 905 4338 exprimentem.
