2917 4992
1131 333 1382 395 -47
1470 367 1569 378 -.

174 525 436 566 versus
495 507 604 566 ille
648 506 906 566 Homeri
962 505 1267 566 Achillem
1315 505 1645 586 Cydippae
1706 526 2031 584 opponens
2080 506 2459 582 Callimachi,

177 619 244 666 et
293 611 482 668 trist.
534 611 636 668 III
667 617 751 682 10,
783 616 884 682 73,
936 608 1208 688 denique
1255 615 1504 686 praeter
1548 608 2031 685 fragmentorum
2072 610 2125 668 si
2169 610 2459 670 universe

174 710 456 770 iudicas
491 719 589 770 sat
619 730 908 788 magnum
938 730 1256 769 numerum
1289 711 1665 788 epigramma
1696 719 2020 784 vetustum,
2056 712 2220 790 quod
2255 732 2458 771 emen-

177 813 427 872 datius
475 834 640 873 nunc
684 813 909 890 legitur
949 814 1116 872 inter
1160 812 1452 891 Priapeia
1496 832 1535 870 a
1574 791 2307 873 Buechelero⁸Petronio
2353 813 2458 872 ad-

175 915 438 975 iuncta
480 917 642 976 XVI
689 913 794 993 (cf.
838 915 1084 994 Meyeri
1129 915 1300 973 anth.
1347 914 1454 973 lat.
1504 916 1572 973 II
1620 911 1813 991 1630:

535 1070 806 1138 Qualibus
849 1069 1238 1142 Hippomenes
1281 1071 1482 1142 rapuit
1525 1067 1878 1128 Schoeneida
1917 1073 2131 1140 pomis,

633 1173 898 1244 qualibus
940 1171 1331 1244 Hesperidum
1379 1172 1580 1227 nobilis
1622 1172 1827 1228 hortus
1870 1181 2031 1241 erat,

531 1276 725 1347 qualia
768 1275 1036 1331 credibile
1081 1281 1167 1330 est
1209 1275 1553 1344 spatiantem
1598 1291 1740 1330 rure
1775 1281 2027 1346 paterno

632 1378 984 1433 Nausicaam
1021 1377 1197 1448 pleno
1241 1391 1416 1447 saepe
1462 1377 1655 1433 tulisse
1699 1379 1861 1444 sinu,

535 1481 702 1551 quale
743 1477 864 1550 fuit
904 1479 1118 1534 malum
1163 1480 1317 1550 quod
1358 1479 1551 1533 littera
1584 1480 1789 1550 pinxit
1832 1479 2123 1542 Aconti,

579 1613 594 1624 κ
632 1599 748 1654 qua
791 1582 936 1637 lecta
981 1581 1187 1652 cupido
1230 1586 1408 1651 pacta
1442 1582 1644 1652 puella
1689 1583 1808 1637 viro
1853 1589 1971 1637 est:

531 1686 668 1740 talia
713 1700 868 1739 nunc
903 1699 1141 1755 pauper
1185 1683 1444 1739 dominus
1487 1684 1745 1752 florentis
1790 1684 1962 1754 ayelli

628 1789 892 1858 imposuit
935 1801 1194 1853 mensae,
1242 1787 1393 1842 nude
1437 1785 1687 1856 Priape,
1736 1790 1885 1840 tuae.

185 1962 268 1998 ac
328 1941 396 1999 si
441 1941 582 2018 ipsa
635 1947 943 1997 uteremur
1000 1937 1200 2014 elegia
1256 1937 1618 2015 superstite,
1682 1956 1912 1996 summo
1976 1957 2166 2016 opere
2212 1939 2458 1998 mirare·

187 2065 344 2100 mur
399 2042 692 2114 fortasse,
744 2049 890 2120 quot
935 2039 1082 2098 inde
1127 2040 1360 2098 lumina
1404 2040 1683 2097 amatorii
1714 2040 2095 2118 potissimum
2138 2043 2455 2114 sermoniS,

192 2152 374 2225 quot
431 2143 776 2202 sententias
839 2141 1249 2220 elegantiores
1310 2162 1380 2198 ac
1438 2141 1608 2199 locos
1656 2161 2005 2201 communes
2054 2151 2281 2221 poetae
2328 2164 2459 2201 cum

193 2247 452 2308 Graeci
510 2255 633 2303 tum
677 2245 886 2304 Latini
945 2245 1400 2323 scriptoresque
1449 2243 1822 2303 Graecorum
1883 2245 2095 2303 erotici
2141 2246 2451 2323 petierint.

196 2348 431 2429 quode
479 2347 788 2427 hodieque
844 2347 1254 2432 coniecturam
1312 2345 1519 2405 facere
1563 2345 1709 2405 licet
1757 2367 1789 2406 e
1834 2347 2113 2424 vestigiis
2161 2366 2459 2427 perquam

191 2450 504 2510 exilibus.
1061 2507 1069 2514 ,

391 2551 724 2629 Quodnam
779 2553 963 2628 igitur
1019 2549 1414 2610 Artemisium
1470 2551 1849 2628 intellegitur
1894 2553 1971 2610 ab
2015 2552 2459 2612 Aristaeneto‘?

188 2658 384 2716 bene
439 2655 630 2712 multa
695 2655 858 2712 e‘nim
927 2654 1184 2724 extitere
1241 2653 1593 2712 Artemisia.
1670 2673 1827 2733 quae
1885 2656 2048 2712 inter
2105 2673 2291 2712 unum
2344 2655 2460 2713 fuit

188 2759 470 2818 Dianae
515 2757 882 2834 templum
924 2756 1332 2815 Deliacum
1379 2754 1455 2813 ab
1488 2755 1807 2814 Herodoto
1840 2764 2235 2813 memoratum
2266 2757 2353 2814 IV
2388 2765 2457 2817 34

197 2869 267 2919 et
297 2869 424 2936 ‚35²
473 2857 644 2916 unde
687 2858 966 2917 hausisse
1014 2857 1258 2916 videtur
1291 2856 1581 2917 Clemens
1611 2857 1795 2916 Alex.
1842 2864 2030 2935 protr.
2064 2858 2169 2916 III
2197 2865 2263 2918 45
2296 2879 2356 2936 p.
2390 2865 2457 2918 39

191 2964 381 3020 Pott.
443 2969 632 3040 atque
687 2961 805 3020 hoc
859 2961 1060 3040 ipsum
1115 2959 1512 3019 Artemisium
1572 2958 1646 3017 ab
1706 2958 2101 3018 Aristaeneto
2175 2957 2456 3019 denotari

200 3062 486 3123 Ovidius
546 3083 726 3143 quem
784 3062 994 3122 dicunt
1041 3063 1222 3121 docet
1268 3083 1380 3121 nos
1439 3062 1799 3140 planissime
1849 3082 1947 3141 ep.
1994 3063 2162 3120 XXI
2206 3071 2271 3124 65
2317 3082 2453 3141 sqq.

200 3175 268 3224 at
323 3184 448 3222 nec
488 3165 788 3224 Acontius
834 3183 950 3222 nec
998 3163 1292 3242 Cydippa
1336 3162 1699 3223 habitabant
1742 3165 1905 3223 Deli.
1995 3183 2259 3242 namque
2302 3163 2457 3222 haec

200 3268 325 3327 ille
374 3266 582 3326 scribit
629 3267 905 3366 ep.xXX
949 3274 1048 3327 221
1097 3285 1236 3345 sqq.

523 3421 713 3477 insula
763 3420 1062 3477 Carthaeis
1107 3423 1392 3492 quondam
1438 3421 1812 3477 celeberrima
1856 3421 2123 3491 nymphis

625 3525 875 3596 cinqitur
921 3523 1144 3596 Aeqaeo
1189 3527 1409 3579 nomine
1457 3523 1591 3579 Cea
1636 3524 1807 3577 mari.

522 3626 622 3682 illa
667 3626 806 3680 mihi
840 3629 1118 3697 patriast.
1208 3639 1339 3691 nec,
1386 3627 1438 3680 si
1476 3639 1758 3696 qenerosa
1793 3625 2059 3696 probatis

625 3730 885 3790 nomina.
931 3729 1211 3797 despectis
1254 3743 1475 3798 arquor
1519 3731 1679 3782 ortus
1726 3731 1863 3782 avis.

521 3835 655 3885 sunt
699 3836 756 3886 et
799 3844 934 3900 opes
978 3829 1165 3894 nobis,
1211 3833 1346 3884 sunt
1390 3834 1446 3883 et
1488 3829 1610 3883 sine
1655 3829 1895 3884 crimine
1939 3845 2155 3896 moreS‚

626 3933 876 4002 amplius
918 3936 1094 4003 utque
1137 3931 1304 3996 nihil,
1353 3945 1440 3985 me
1487 3931 1586 3986 tibi
1627 3931 1811 4002 iunyit
1854 3947 2033 3988 amor.

388 4083 724 4163 Cydippae
761 4103 918 4162 quae
951 4082 1135 4140 fuerit
1179 4082 1408 4162 patria,
1457 4102 1587 4141 non
1632 4081 1719 4140 ita
1764 4089 1979 4161 aperte
2024 4079 2349 4154 indicatur,
2396 4089 2459 4140 at

215 4194 381 4244 certa
425 4193 638 4265 potest
683 4184 1156 4243 ratiocinatione
1205 4184 1537 4242 enucleari.
1615 4203 1811 4263 eaque
1854 4181 2019 4241 haud
2064 4182 2244 4242 latuit
2284 4185 2446 4242 Butt-

214 4289 422 4346 manni
468 4286 874 4362 sagacitatem
920 4286 960 4344 l.
1009 4306 1058 4344 c.
1107 4307 1163 4364 p.
1210 4285 1313 4345 '118
1357 4307 1450 4366 sq.
1498 4288 1587 4346 ita
1634 4285 2058 4365 disputantisz.
