2917 4992
1279 309 1737 372 —146—

626 485 954 547 restiterim
994 485 1130 544 fixis
1171 485 1241 542 in
1284 491 1392 542 tna
1435 480 1707 542 membra
1750 481 1928 558 genis

547 596 638 663 et,
684 597 749 648 te
797 587 939 647 dum
983 585 1235 645 nimium
1276 585 1489 656 miror,
1538 591 1687 642 nota
1733 589 1901 641 certa
1943 582 2197 654 fui-orie,
2288 597 2297 603 ·

632 688 980 749 deciderint
1021 688 1271 747 humero
1317 686 1513 765 pallia
1556 686 1734 763 lapsa
1775 702 1933 742 meo.

545 789 870 872 postmodo
916 791 1126 849 nescio
1174 807 1297 869 qua
1338 787 1589 845 venisse
1631 783 1905 844 volubile
1947 785 2172 843 malum

404 902 511 954 210
641 890 831 950 verba
874 891 1083 950 ferens
1131 887 1328 948 doctis
1371 885 1675 974 insidiosa
1718 886 1913 946 notis:
2108 965 2113 980 Δ

537 991 714 1074 'quod
761 992 907 1072 quia
949 991 1030 1050 sit
1071 990 1295 1049 lectum
1339 996 1555 1048 sancta
1598 993 1931 1066 praesente
1975 986 2211 1059 Diana,

633 1112 770 1152 esse
815 1100 981 1150 tuam
1023 1091 1293 1149 vinctam
1337 1089 1589 1172 numine
1633 1095 1793 1147 teste
1836 1085 2040 1146 fidem.

550 1214 632 1254 ne
675 1203 883 1252 tamen
926 1193 1204 1269 ignoret,
1252 1191 1463 1268 scripti
1508 1189 1821 1248 sententia
1866 1207 2023 1268 quae
2068 1187 2178 1260 sit,

633 1297 796 1354 lecta
838 1293 950 1352 tibi
997 1290 1309 1372 quondam
1352 1309 1519 1348 nunc
1565 1309 1809 1369 quoque
1854 1287 2049 1348 verba
2092 1287 2276 1348 refer.

410 1406 513 1459 215
561 1395 786 1468 ‘nube,
835 1394 1104 1473 precor',
1155 1392 1348 1466 dicet,
1400 1391 1530 1450 ‘cui
1574 1397 1637 1449 te
1681 1388 1849 1449 bona
1892 1391 2146 1448 numina
2189 1391 2469 1466 iungunt,

635 1514 816 1575 quem
860 1495 994 1554 fore
1039 1495 1284 1566 iurasti,
1329 1494 1412 1552 sit
1455 1511 1651 1570 gener
1692 1491 1802 1550 ille
1843 1491 2025 1550 mihi:

549 1596 825 1676 quisquis
869 1597 922 1656 is
970 1603 1094 1669 est,
1141 1595 1415 1674 placeat,
1465 1593 1753 1674 quoniam
1797 1593 2005 1670 placet
2050 1599 2195 1650 ante
2238 1591 2535 1650 Dianae'.

629 1698 770 1757 talis
818 1698 933 1757 erit
973 1704 1200 1769 mater,
1247 1696 1301 1756 si
1343 1694 1527 1754 modo
1572 1702 1767 1752 mater
1813 1692 1945 1752 erit.

547 1800 600 1859 si
643 1806 853 1858 tamen
900 1806 962 1858 et
1007 1805 1290 1877 quaerat,
1337 1798 1475 1876 quis
1520 1797 1633 1854 sim
1678 1795 2030 1875 qualisque,
2077 1793 2321 1855 videto:

405 1909 510 1962 220
637 1900 924 1959 inveniet
965 1897 1140 1958 vobis
1187 1897 1566 1957 consuluisse
1598 1896 1814 1986 deam.

544 1999 749 2060 insula
795 1998 1114 2060 Carthaeis
1161 1999 1474 2080 quondam
1520 1997 1919 2058 celeberrima
1959 1997 2251 2077 nymphis

633 2103 898 2180 cingitur
940 2102 1228 2180 Aegan,
1277 2090 1527 2159 nomine
1576 2099 1734 2173 Oea,
1780 2100 1951 2158 mari.

541 2205 650 2262 illa
692 2204 840 2262 mihi
882 2203 1162 2283 patriast.
1223 2221 1368 2275 nec,
1416 2202 1470 2260 si
1514 2219 1821 2278 generosa
1864 2199 2139 2280 probatis

631 2306 911 2377 nomina,
961 2303 1272 2382 despectis
1318 2322 1541 2380 arguor
1584 2311 1747 2362 ortus
1794 2302 1945 2362 avis.

411 2413 514 2465 225
560 2413 704 2463 sunt
749 2413 809 2464 et
855 2423 1006 2483 opes
1051 2403 1260 2476 nobis,
1307 2411 1452 2462 sunt
1500 2410 1559 2462 et
1602 2403 1739 2462 sine
1787 2403 2037 2462 crimine
2082 2421 2313 2475 meree,

632 2505 892 2584 amplius
935 2512 1125 2584 utque
1171 2505 1356 2579 nihil,
1402 2524 1502 2563 me
1545 2503 1659 2562 tibi
1700 2505 1903 2582 iungit
1946 2524 2131 2564 amor.

547 2615 880 2687 appeteres
923 2607 1109 2665 talem
1146 2604 1250 2664 vel
1293 2627 1422 2666 non
1467 2607 1665 2665 iurata
1707 2603 2015 2666 marituxh:

627 2709 864 2767 iuratae
907 2707 1014 2768 vel
1055 2728 1183 2766 non
1227 2707 1368 2767 talis
1413 2706 1737 2766 habendus
1784 2715 1934 2765 erat.

545 2808 702 2868 haec
744 2808 858 2867 tibi
899 2827 997 2867 me
1041 2810 1107 2867 in
1151 2808 1380 2867 somnis
1426 2807 1747 2866 iaculatrix
1790 2807 2055 2866 scribere
2100 2806 2388 2881 Phoebe,

403 2918 508 2970 230
633 2908 790 2967 haec
833 2908 946 2968 tibi
989 2928 1087 2968 me
1131 2910 1382 2986 vigilem
1425 2908 1695 2969 scribere
1740 2909 1915 2968 iussit
1957 2909 2177 2968 Amor:

551 3028 585 3068 e
631 3009 848 3090 quibus
896 3009 1146 3070 alterius
1189 3010 1337 3068 mihi
1381 3011 1504 3068 iam
1546 3029 1814 3070 nocuere
1858 3009 2151 3087 sagittae,

628 3112 876 3170 alterius
921 3120 1190 3171 noceant
1233 3131 1315 3172 ne
1359 3111 1472 3172 tibi
1514 3113 1671 3186 tela,
1719 3131 1889 3171 cave.

539 3329 592 3364 v.
631 3314 730 3362 207
764 3319 820 3362 nt
853 3319 904 3362 te
939 3312 1047 3364 P2.
1073 3337 1140 3347 —
1173 3327 1226 3364 v,
1251 3315 1351 3364 208
1387 3314 1689 3364 deciderant
1710 3313 1775 3362 L.
1803 3337 1854 3348 —
1904 3327 1957 3364 v,
1982 3314 2082 3363 209
2098 3321 2223 3377 post
2244 3328 2337 3378 390
2365 3311 2430 3374 G,
2470 3319 2662 3366 nescio

402 3412 501 3460 quo
535 3396 642 3445 Ρ2.
677 3421 746 3432 -—
789 3413 842 3450 v.
879 3398 980 3447 210
1015 3397 1164 3446 dictis
1202 3396 1266 3447 G.
1309 3423 1364 3432 -·
1414 3412 1467 3447 v.
1505 3399 1608 3446 212
1640 3404 1728 3446 tua
1760 3399 1941 3447 victam
1977 3397 2049 3458 G,
2098 3405 2231 3446 tuam
2264 3399 2443 3448 victam
2480 3397 2538 3448 S.
2582 3426 2652 3437 --

401 3495 452 3530 v.
490 3481 590 3534 213
626 3496 688 3529 ne
724 3487 888 3530 tamen
909 3466 1156 3545 'igno-rent
1191 3481 1257 3543 G,
1295 3498 1388 3532 nec
1420 3489 1589 3532 tamen
1621 3483 1857 3546 ignorent
1892 3483 1965 3542 L,
2004 3497 2067 3530 ne
2104 3489 2267 3532 tamen
2302 3483 2549 3546 ignorant
2589 3485 2651 3548 S,

401 3580 463 3614 ne
509 3572 674 3614 tamen
717 3567 918 3630 ignoret
962 3580 1092 3629 quae
1125 3567 1194 3613 sit
1225 3567 1481 3615 Sententia
1513 3566 1700 3629 scripti
1731 3565 1837 3614 Ρ2.
1887 3591 1953 3600 -
1999 3578 2050 3613 v.
2088 3565 2188 3614 215
2234 3567 2433 3616 nomina
2470 3565 2537 3617 G.
2579 3595 2654 3603 —

400 3663 451 3698 v.
489 3649 589 3698 217
627 3649 845 3697 tentavi
876 3650 1073 3712 placuit
1109 3651 1342 3714 quoniam
1375 3657 1513 3699 ante.
1551 3675 1618 3684 --
1662 3664 1715 3698 v.
1754 3651 1854 3698 219
1889 3651 1986 3700 sed
2020 3657 2185 3698 tamen
2218 3649 2323 3700 Ρ2.
2394 3653 2443 3700 si
2476 3658 2653 3702 tamen

399 3733 626 3797 inquirat
659 3731 942 3782 Heinsius·
967 3749 1042 3766 ‘—-
1079 3748 1131 3782 v.
1171 3735 1270 3783 220
1307 3735 1452 3785 nobis
1486 3734 1533 3782 L
1560 3733 1613 3784 S.
1639 3758 1702 3766 —
1741 3747 1793 3784 v.
1831 3735 1928 3782 221
1965 3735 2171 3784 coriciis
2206 3731 2254 3783 G
2277 3734 2395 3797 Ρ2,
2434 3735 2650 3786 chorin-

401 3816 518 3866 abiis
551 3816 629 3879 L,
675 3817 969 3867 corrinthiis
1015 3815 1082 3882 S,
1129 3817 1398 3868 Carthaeis
1432 3818 1800 3868 Buttmannus
1843 3817 2063 3882 mythol.
2101 3818 2157 3867 11
2192 3833 2244 3882 p.
2282 3819 2380 3868 120
2404 3833 2513 3881 sq„
2566 3821 2647 3869 cf.

401 3900 875 3950 Schneidewinum
924 3901 992 3950 ad
1038 3901 1325 3952 Heracliti.
1373 3901 1483 3966 pol.
1534 3918 1581 3954 c.
1620 3903 1670 3951 9.
1708 3926 1771 3936 -
1819 3916 1871 3951 v.
1910 3903 2011 3951 223
2052 3901 2300 3966 probaris
2340 3901 2390 3950 L
2423 3901 2535 3952 Ρ2.
2577 3929 2645 3939 -

398 3999 452 4036 v.
489 3985 590 4032 224
623 4000 848 4049 αιι9ιινον·
883 3992 1025 4034 ortus
1059 3987 1206 4051 aquis
1243 3986 1309 4048 G,
1345 3988 1493 4052 aquis
1529 3987 1699 4036 etiam
1734 3985 1779 4034 L
1806 3984 1871 4045 S,
1908 3987 2057 4051 aquis
2092 3986 2149 4034 in
2183 3987 2292 4036 avis
2328 3990 2650 4036 correctum

399 4066 505 4115 P2.
545 4094 608 4102 —
651 4083 704 4118 v.
741 4070 840 4118 225
876 4076 928 4118 et
960 4077 1078 4118 sunt
1109 4072 1218 4119 sine
1255 4070 1308 4119 S.
1347 4097 1414 4105 —-
1457 4086 1509 4120 V.
1546 4072 1644 4119 226
1680 4071 1857 4135 iunyat
1896 4069 2031 4122 GL.
2070 4097 2133 4104 —
2178 4085 2231 4120 v.
2270 4071 2371 4118 229
2406 4059 2652 4134 insopnis

399 4151 477 4211 L,
538 4154 591 4200 in
635 4155 857 4217 sompni-s·
891 4153 978 4202 1³2
1005 4153 1058 4202 S.
1109 4181 1170 4187 —-
1216 4169 1273 4227 v..
1309 4157 1408 4204 230
1450 4156 1664 4218 vigilans
1702 4153 1748 4202 G
1781 4153 1829 4202 L
1863 4152 1952 4203 Ρ2
1987 4153 2050 4216 S,
2112 4155 2305 4218 viyilem
2352 4153 2461 4203 duo
2496 4154 2650 4205 Bur-

399 4234 603 4282 manni.
640 4261 708 4271 —-
743 4251 795 4286 v.
832 4239 928 4286 231
965 4252 1036 4286 ex
1071 4238 1246 4303 quibus
1281 4239 1346 4288 L.
