2917 4992
1031 357 1286 422 ..19
1369 393 1446 404 ..-

176 529 423 589 iudicium
477 530 848 608 pertinebat.
905 530 985 588 cf.
1043 530 1434 590 Welckerum
1502 551 1602 610 ep.
1662 533 1819 611 cycl.
1876 533 1909 590 1
1978 553 2038 612 p.
2102 542 2218 597 105.
2294 543 2359 594 at

175 634 374 708 gravius
417 633 600 690 etiam
648 637 770 704 est,
820 630 986 710 quod
1033 630 1440 692 Callimachus
1484 631 1641 691 dixit
1684 632 1801 711 frg.
1846 639 1980 695 441:

557 771 738 856 Λύδη
781 777 883 839 καὶ
925 775 1088 858 παχὺ
1127 774 1368 860 γράμμα
1411 779 1515 841 καὶ
1558 773 1641 842 οὗ
1684 776 1923 862 τυρόν.

72 985 74 1004 ,
173 956 282 994 nam
326 935 467 994 mihi
515 934 765 1015 quidem
813 953 1017 1015 paene
1074 944 1305 996 certum
1347 935 1619 1010 videtur,
1684 937 1861 996 huius
1904 939 2098 1018 ipsius
2140 959 2356 1000 versus

173 1038 580 1096 cavillationem
632 1037 842 1097 inesse
885 1037 1204 1117 Antipatri
1259 1037 1467 1098 verbis
1525 1035 1581 1094 εἰ
1630 1028 1850 1117 τορὸν
1904 1022 2049 1112 οὖας
2103 1037 2351 1117 ἔλλαχες.

79 1165 84 1172 -
171 1139 256 1226 hoc
293 1139 443 1198 enim
485 1139 673 1198 moris
721 1146 852 1198 erat
907 1139 1587 1218 epigrammatistarum,
1646 1147 1713 1198 ut
1752 1140 1819 1200 in
1863 1140 2177 1202 litterariis
2220 1144 2356 1202 istis

70 1229 72 1232 ’
171 1240 441 1316 poematiis
499 1260 636 1299 cum
693 1241 970 1300 acumine
1015 1249 1373 1320 repeterent
1415 1241 1675 1300 aliorum
1718 1240 1882 1302 dicta
1932 1250 1995 1302 et
2033 1242 2353 1318 vocabula,

70 1387 72 1402 ,
173 1361 295 1419 quae
348 1351 508 1402 tecte
567 1360 640 1400 ac
696 1342 750 1400 si
811 1341 944 1400 fieri
1011 1351 1226 1420 posset
1275 1343 1513 1404 urbane
1568 1343 1672 1402 vel
1726 1343 2201 1422 comprobarent
2251 1346 2356 1404 vel

68 1475 70 1512 ;
173 1441 570 1522 detorquerent
624 1443 729 1500 vel
770 1443 1135 1503 refutarent.
1211 1444 1406 1502 veluti
1448 1443 1785 1522 Antipater
1830 1443 2123 1506 Sidonius
2182 1447 2352 1507 anth.

169 1543 220 1600 P.
255 1544 342 1602 IX
380 1551 447 1606 66
492 1563 710 1603 vocem
769 1563 808 1600 a
865 1545 1206 1623 Sapphone
1263 1546 1584 1605 inventam
1638 1545 1721 1604 ad
1778 1546 2041 1606 eandem
2098 1549 2352 1622 rettulit,

171 1652 216 1702 et
257 1645 401 1724 quod
449 1666 488 1704 a
537 1644 877 1723 Crinagora
932 1647 1101 1707 anth.
1159 1648 1231 1706 P.
1277 1647 1375 1706 IX
1417 1653 1551 1719 545,
1617 1657 1637 1708 1
1704 1645 2063 1706 Callimachi
2116 1649 2354 1708 Hecala

167 1745 515 1821 praedicatur
556 1735 834 1820 τορευτὸν
878 1743 1048 1820 ἔπος,
1089 1749 1298 1808 mirum
1345 1749 1533 1820 foret,
1581 1749 1646 1806 ni
1691 1747 1809 1807 hoc
1850 1747 1970 1808 sibi
2014 1749 2150 1826 ipsc
2194 1769 2351 1808 sum·

66 1873 68 1894 ι
167 1847 350 1924 psisset
392 1847 776 1926 Cyrenensis
795 1843 877 1924 ¹),
937 1849 1336 1929 eiusdemque
1393 1850 1641 1927 generis
1688 1850 1795 1908 alii
1838 1849 2165 1910 invenient
2208 1852 2350 1910 alia.

169 1967 220 2004 ac
253 1957 424 2008 totam
466 1941 629 2008 adeo
675 1948 1122 2010 Antimacheae
1167 1951 1372 2030 poesis
1406 1949 1882 2030 descriptionem
1932 1952 2020 2010 ita
2062 1951 2139 2012 ab
2173 1952 2350 2011 Anti-

168 2060 304 2125 patro
341 2051 686 2112 institutam
730 2050 945 2124 credo,
993 2061 1062 2110 ut
1105 2052 1364 2129 singulis
1412 2050 1771 2112 Callimachi
1816 2052 2165 2112 criminibus
2210 2073 2351 2112 suas

169 2161 467 2228 opponeret
528 2153 778 2226 laudeS,
841 2152 1058 2232 quibus
1112 2153 1481 2212 contrarium
1533 2152 1850 2212 iudicaret.
1939 2172 2083 2210 nam
2142 2155 2352 2232 ecquis

170 2259 264 2324 est,
313 2255 410 2333 qui
467 2255 640 2314 casui
692 2254 950 2327 tribuat,
1014 2255 1179 2334 quod
1234 2273 1448 2314 versus
1492 2265 1527 2316 5
1572 2255 1922 2314 sententiae
1970 2252 2351 2313 Catullianus

169 2352 372 2429 quidam
413 2375 632 2415 versus
689 2356 1019 2432 insigniter
1060 2354 1400 2433 respondet
1441 2356 1559 2427 ita,
1616 2364 1683 2413 ut
1735 2356 1937 2434 ipsum
1983 2357 2353 2414 contrarium

168 2452 359 2532 edicat,
401 2456 584 2519 XCV
599 2456 658 2531 b,
705 2465 740 2516 2

523 2601 589 2650 at
623 2597 867 2667 populus
909 2596 1110 2652 tumido
1147 2596 1390 2668 quadem
1430 2593 1753 2650 Antimacho
1800 2625 1875 2633 -
1892 2598 1919 2648 ?

166 2760 307 2838 quid,
357 2763 524 2843 quod
572 2773 636 2822 et
678 2766 880 2821 tumido
925 2762 1245 2841 epitheton
1293 2749 1480 2839 (παχὺ
1522 2751 1791 2837 γράμμα)
1840 2762 2088 2838 egregie
2134 2763 2349 2821 confir—

164 2871 274 2936 mat,
301 2864 446 2923 illud
477 2863 773 2923 iudicium
797 2863 1172 2925 Callimacho
1203 2871 1524 2942 acceptum
1554 2863 1716 2923 ferre
1740 2861 2093 2923 Catullum?
2134 2883 2350 2923 nonne

60 3013 63 3054 ἰ
165 2963 323 3040 quivis
365 2965 429 3023 in
477 2965 702 3024 eodem
743 2965 1059 3045 Antipatri
1101 2985 1287 3024 versu
1347 2964 1655 3024 desertam
1710 2965 1877 3024 illam
1922 2985 2079 3045 aque
2135 2967 2352 3045 populi

164 3067 378 3144 strepitu
420 3075 721 3127 remotam
767 3065 1124 3127 Callimachi
1168 3066 1444 3126 semitam
1488 3065 1935 3144 recognoscet?
1992 3086 2173 3145 quam
2217 3088 2351 3126 cum

163 3164 484 3226 Antimacho
552 3169 766 3228 initam
808 3169 914 3228 ille
979 3167 1328 3248 praedicet,
1399 3165 1549 3246 quid
1596 3166 1847 3226 dubium
1903 3175 2023 3239 est,
2087 3169 2234 3245 quin
2280 3167 2347 3226 id

60 3249 62 3304 ἶ
163 3265 320 3342 ipsum
374 3271 704 3348 negaverit
761 3269 1216 3330 Callimachus?
1315 3279 1501 3348 atque
1562 3268 1683 3326 ista
1737 3252 1983 3346 quoque
2034 3256 2349 3343 ἀγέλαστος

163 3355 228 3439 ὄψ
271 3378 389 3430 tam
445 3380 544 3431 est
608 3372 1003 3450 singulariter
1062 3371 1256 3444 dicta,
1324 3379 1391 3428 ut
1456 3367 1705 3450 quidam
1764 3367 2121 3428 Callimachi
2178 3371 2349 3431 locus

164 3468 403 3531 videatur
431 3473 679 3552 respici.
739 3471 1025 3553 apposite
1056 3471 1505 3551 comparaveris
1538 3471 1914 3549 epigramma
1944 3472 2060 3530 etsi
2090 3471 2352 3532 fortasse

164 3569 320 3632 minus
371 3583 542 3634 recte
603 3574 684 3633 ad
743 3573 1184 3635 Callimachum
1235 3575 1528 3646 relatum,
1602 3582 1666 3631 at
1726 3592 1805 3632 ex
1868 3573 2077 3653 aliquo
2142 3583 2349 3636 tamen

163 3669 286 3732 illius
327 3676 460 3736 loco
511 3693 898 3756 expressum,
945 3674 1114 3754 quod
1161 3675 1328 3752 apud
1373 3673 1756 3734 Meinekium
1802 3683 1894 3734 est
1936 3675 2221 3736 XXXV:

265 3957 304 4023 ¹)
334 3961 602 4012 Horatius
650 3962 813 4027 epist.
860 3961 915 4011 11
959 3963 1018 4025 2,
1058 3962 1124 4012 92
1168 3961 1263 4010 ubi
1311 3959 1691 4010 Callimachus
1723 3960 1955 4015 (videtur
1998 3960 2202 4025 respici
2250 3961 2345 4023 (cf.

161 4053 197 4089 v.
228 4044 362 4111 100)=
411 4049 758 4111 caelatumque.
804 4062 977 4097 novem
1023 4043 1190 4096 Musis
1225 4061 1370 4110 opus.
1441 4050 1499 4094 et
1533 4046 1697 4109 Prop.
1736 4043 1821 4094 III
1856 4048 1922 4095 33
1959 4045 2011 4107 b,
2048 4046 2141 4094 43:
2179 4047 2347 4110 incipe

159 4124 232 4174 fam
259 4137 464 4194 angusto
499 4147 677 4181 versus
709 4133 952 4182 incudere
985 4137 1151 4181 torno.
1205 4131 1288 4180 sic
1314 4130 1460 4180 enim
1485 4131 1699 4192 corrigo
1736 4127 1997 4178 librorum
2020 4129 2347 4196 scripturam

159 4208 532 4266 intolerabilem
578 4217 862 4279 includere,
913 4229 1075 4281 quam
1119 4215 1487 4280 nequicquam
1532 4217 1720 4263 tuetur
1762 4213 2053 4264 Bentleius
2100 4215 2171 4265 ad
2214 4216 2347 4265 Hor.

160 4307 198 4342 ἃ·
225 4303 356 4362 poet.
393 4301 496 4350 441
537 4299 684 4350 Gelli
719 4300 841 4352 loco
877 4301 951 4350 IX
988 4301 1038 4361 8,
1077 4302 1128 4362 4,
1171 4301 1326 4350 cuius
1360 4300 1527 4365 plane
1564 4298 1786 4349 diversa
1822 4303 1907 4349 est
1940 4299 2101 4349 ratio.

1850 4380 1943 4444 2*
