2917 4992
264 960 612 1026 MAXIMI
654 961 1113 1048 BLANUDIS
1159 961 1532 1028 GRAECA
1574 962 2214 1028 METAPHRASIS

574 1062 1220 1128 EPISTULARUM
1264 1063 1917 1128 OVIDIANARUM
2224 1103 2291 1132 w

838 1163 979 1228 XX
1020 1165 1140 1228 ET
1183 1163 1360 1230 XXI
1407 1165 1538 1228 1-
1556 1166 1635 1229 12

881 1447 1218 1527 Ἀκόντιος
1256 1451 1583 1536 Κυδίππη

258 1595 508 1657 Ἀπόθου
545 1599 676 1664 δέος
709 1594 897 1656 ἅπαν·
944 1595 1120 1656 οὐδὲν
1165 1599 1277 1672 γὰρ
1324 1592 1504 1666 αὖθις
1547 1603 1685 1672 τῇδε
1728 1604 1809 1671 τῷ
1855 1599 2061 1672 ἐραστῇ
2110 1595 2354 1672 όμόσεις.

123 1679 348 1756 α’πόχρη
383 1685 484 1740 καὶ
519 1683 712 1757 γάρ,1)
751 1681 924 1740 ὁπότε
960 1688 1177 1756 σαυτὴν
1211 1681 1368 1754 ἅπαξ
1405 1706 1503 1757 μοι
1538 1684 1615 1755 μή
1628 1689 1669 1753 ²)
1710 1683 2039 1756 ἐπηγγείλω.
2090 1687 2192 1740 καὶ
2215 1681 2356 1739 ἄνοι’-

123 1774 307 1838 γνωθι
357 1770 447 1841 δή.
519 1763 697 1834 οὕτως
741 1766 778 1841 ἡ
827 1767 993 1833 νόσος
1037 1766 1406 1842 α’ποχωρήσαι
1450 1772 1624 1825 τοῦδε
1659 1772 1763 1825 τοῦ
1797 1767 2070 1840 σώματος.
2145 1769 2209 1824 τὸ
2245 1769 2355 1839 γαρ

126 1853 183 1908 ἔν
219 1875 333 1910 τινι
369 1853 528 1925 μέρει
563 1858 716 1924 τοῦθ)
757 1851 1014 1924 σώματος
1048 1847 1222 1924 ἄλγος
1257 1851 1430 1924 ἄλγος
1468 1851 1606 1925 ἐμὸν
1638 1848 1907 1924 ήγοῦμαι.
1959 1860 2016 1909 τί
2052 1852 2117 1908 δὲ
2156 1850 2231 1923 δή
2267 1872 2355 1908 σοι
2425 1869 2456 1915 5

126 1935 410 2008 καταρχὰς
447 1932 629 2002 εὐθὺς
665 1936 845 2002 αἰδώς
882 1935 1265 2009 ἐπιγίγνεται,
1302 1942 1402 1995 καὶ
1439 1935 1549 2008 γὰρ
1585 1933 1661 1999 ὥς
1699 1934 1761 1992 ἐν
1795 1941 1873 2006 τῷ
1907 1939 2009 2007 τῆς
2039 1929 2488 2008 Ἀρτέμιδοςωνᾶ

126 2016 279 2078 ἄλσει
315 2025 418 2080 καὶ
451 2026 562 2078 νῦν
597 2018 901 2079 ὑποπτεύω
936 2022 1039 2086 τὰς
1064 2019 1168 2086 σας
1193 2019 1448 2093 εὐγενεῖς
1472 2021 1641 2092 γένυς
1666 2018 2034 2091 ἐρυθριᾶσαι.
2082 2025 2355 2091 συζυγίαν

128 2102 223 2175 ἐγὼ
259 2109 358 2163 καὶ
397 2105 503 2178 τὴν
538 2103 1002 2178 ὁμολογηθεῖσαν
1030 2104 1173 2178 ἡμῖν
1207 2110 1425 2171 πίστιν,
1475 2103 1579 2178 οὐχ
1614 2104 1908 2178 ἁμαρτίαν
1943 2106 2195 2161 α’παιτῶ·
2247 2108 2357 2176 ἐρῶ

128 2190 184 2245 δέ
218 2210 324 2247 σου
361 2187 468 2262 οὖχ
502 2188 578 2255 ὥς
613 2191 839 2262 μοιχός,
877 2187 1006 2248 ἄλλ’
1041 2191 1116 2255 ὥς
1154 2187 1527 2262 ὀφειλόμενος
1563 2191 1853 2255 σύνευνος.
1926 2191 1983 2246 εἰ
2015 2191 2125 2261 γάρ
2159 2211 2247 2246 τοι
2281 2187 2352 2245 τοὶ

128 2272 348 2345 ᾇήματοὲ
384 2295 448 2347 γε
485 2271 827 2348 αναλογίσῃ,
885 2270 1034 2346 ἅπερ
1070 2272 1101 2332 ὁ
1139 2277 1391 2347 ληφθεὶς
1438 2273 1501 2331 έκ
1536 2280 1640 2331 τοῦ
1677 2275 1923 2345 δένδρου
1958 2271 2177 2344 καρπὸς
2211 2273 2354 2344 πρὸς

125 2357 218 2423 τὰς
263 2356 570 2430 σώφρονάς
615 2378 720 2416 σου
767 2368 966 2431 χεῖρας
1004 2358 1145 2431 ἐμοῦ
1179 2358 1522 2432 βεβληκότος
1556 2356 1874 2432 ἧνεικεν4),
1934 2355 2190 2429 εὑρήσεις
2234 2355 2363 2414 ἐκεῖ
2392 2376 2455 2424 10

123 2447 281 2500 τοῦτο
306 2444 526 2515 σαυτὴν
549 2441 1028 2516 ὑπισχνουμένην,
1068 2440 1208 2514 ὅπερ
1246 2441 1417 2509 αὐτὸς
1443 2439 1701 2515 εὔχομαι,
1742 2443 1957 2514 σαυτήν
1970 2465 2153 2544 ,φημι,
2189 2442 2350 2514 κόρη,

125 2531 332 2596 μᾶλλον
365 2523 408 2601 ἢ
438 2523 578 2584 ὥστε
612 2534 715 2600 τῆς
739 2533 942 2598 mov)
979 2535 1388 2604 μνημονεῦσαι.
1438 2532 1539 2585 καὶ
1564 2534 1673 2585 νῦν
1699 2529 1764 2585 δέ
1788 2549 1851 2600 γε
1876 2523 2055 2582 ταυτὸ
2085 2527 2349 2583 δέδοικα·

125 2609 256 2668 α’λλα
303 2607 465 2670 τοῦτ’
512 2609 655 2669 αυτό
703 2611 1046 2686 δριμυτερον
1090 2617 1288 2686 γέγονε
1331 2614 1432 2670 καὶ
1477 2612 1543 2669 τὸ
1588 2617 1704 2683 πῦρ
1750 2616 1826 2682 τῷ
1870 2609 2054 2682 χρόνῳ
2101 2609 2352 2680 δύναμιν

127 2697 429 2768 προσέλαβε
463 2702 562 2755 καὶ
602 2697 918 2768 ἐπέδωκεν,
958 2695 988 2755 ὁ
1017 2694 1075 2754 δ’
1102 2699 1262 2769 ἔρως,
1302 2720 1367 2762 ος
1402 2694 1508 2755 οὐκ
1547 2691 1768 2754 ἔστιν’“’
1735 2717 1829 2752 οτε
1865 2692 2056 2765 ὀλίγος
2077 2685 2172 2766 ἦν,
2210 2691 2349 2750 ουδε
2389 2711 2452 2759 15

127 2783 191 2850 τῷ
225 2786 427 2852 μακρῷ
460 2803 644 2852 τουτῳ
689 2782 888 2854 γέγονε
925 2781 1139 2854 χρόνῳ,
1187 2785 1289 2840 καὶ
1323 2779 1360 2854 ἡ
1413 2777 1643 2847 ἐλπὶς”’
1604 2803 1681 2854 ην
1715 2801 1812 2853 μοι
1851 2779 2108 2843 δέδωκας
2144 2777 2349 2835 ἐπιτεί-

48 2927 50 2934 ,
131 2883 292 2924 νεται.
369 2864 578 2923 ἐλπίδα
613 2867 720 2940 μέν
755 2888 853 2938 μοι
891 2868 1176 2933 δέδωκας,
1216 2864 1248 2924 6
1285 2863 1345 2924 δ’
1383 2864 1517 2939 ἐμὸς
1554 2886 1719 2929 ουτος
1758 2863 1895 2935 ἔρως
1922 2862 2216 2921 ἐπίστευσέ
2240 2883 2347 2923 σοι.

48 2963 50 3004 ἐ
131 2945 254 3005 ου’δὲ
299 2948 412 3021 γὰρ
459 2945 535 3006 ἄν
571 2948 665 3009 ἐπὶ
702 2953 947 3024 μα’ρτυρι
983 2956 1152 3009 τοῦτο
1189 2949 1422 3023 γεγονὸς
1457 2956 1527 3024 τῇ
1564 2955 1679 3022 θεᾷ
1714 2945 2086 3020 ἄρνήσασθαι
2124 2945 2347 3005 δύναιο.

129 3039 309 3106 παρῆν
353 3035 464 3105 γὰρ
508 3040 608 3093 καὶ
649 3034 724 3102 ὥς
768 3041 1035 3108 παροῦσα
1081 3034 1358 3108 ἐτύγχανε
1391 3035 1527 3101 τούς
1563 3034 1695 3099 σούς
1730 3035 1933 3105 λόγους
1971 3030 2349 3104 ἐσημειώσατο

132 3120 210 3173 καὶ
249 3120 414 3188 ἔδοξε
450 3121 558 3192 τὴν
592 3120 780 3194 κόμην
814 3118 1099 3192 κινήσασα
1132 3120 1566 3192 προσδεδέχθαι
1601 3117 1671 3178 τοὶ
1710 3118 2003 3190 εἰρημένα.
2064 3117 2120 3173 εί
2151 3118 2253 3173 καὶ
2276 3115 2344 3171 τοὶ
2384 3129 2449 3174 20

133 3200 358 3270 μάλιστα
395 3203 599 3276 φήσεις
633 3202 750 3263 ὑπὸ
786 3211 889 3278 τῆς
927 3203 1068 3279 ἐμῆς
1101 3203 1446 3279 ήπατῆσθαι
1480 3210 1866 3276 πανουργίας,
1903 3197 2075 3258 οπότε
2110 3221 2222 3272 μου
2244 3204 2346 3257 τοῦ

136 3285 286 3346 δόλου
335 3289 473 3360 ἔρως
519 3291 681 3348 αἰτία
727 3290 966 3362 λέγοιτο.
1038 3295 1101 3346 τί
1142 3292 1253 3363 γὰρ
1299 3287 1476 3362 ουμός
1524 3290 1692 3355 δόλος
1736 3286 1970 3362 ᾔτησεν,
2017 3313 2105 3348 οτι
2142 3293 2223 3365 μή
2258 3312 2345 3349 σοι

135 3378 508 3478 cvvoextffl‘q'voel'
519 3395 591 3448 με
627 3373 800 3448 μόνης
848 3381 1040 3432 καίτοι
1087 3379 1281 3444 τοῦτο,
1332 3395 1472 3445 οπερ
1518 3395 1616 3446 μοι
1662 3374 1887 3448 μέμφῃ,
1936 3373 2347 3449 συμβουλεύειν

135 3446 194 3509 ἂν
235 3462 333 3515 οἵα
376 3455 435 3514 τ’
469 3452 648 3532 ἦσθα.
719 3454 926 3532 ἥκιστα
970 3459 1078 3532 μὲν
1121 3458 1229 3531 γὰρ
1277 3456 1384 3532 ἐγω
1429 3462 1757 3530 πανοῦργος
1803 3455 1978 3526 οὕτως
2024 3459 2086 3518 ἐκ
2124 3460 2347 3533 φύσεως
2382 3485 2447 3530 25

134 3530 194 3608 ἦν
227 3539 362 3600 ουδ’
399 3543 707 3615 ἔξωθενθγ
761 3563 830 3599 συ
869 3543 935 3600 δέ
969 3565 1040 3616 με
1076 3548 1185 3600 νῦν
1221 3540 1575 3616 εὐμήχανον,
1616 3545 1849 3602 πίστευέ
1883 3567 2005 3620 μοι,
2041 3554 2256 3616 ποιεῖς,
2302 3568 2345 3602 ω

136 3627 389 3694 παρθένε.
464 3627 589 3701 ἐμοὶ
635 3628 829 3700 μέντοι
867 3648 956 3695 σε,
1005 3632 1068 3685 εἴ
1094 3650 1148 3685 τι
1183 3632 1283 3686 καὶ
1317 3627 1738 3702 πεπλασμένοις
1780 3629 2028 3703 ῥήμασιν
2072 3629 2345 3702 ἐντέχνως

136 3701 492 3785 ἇρίθμευαῚ),
542 3709 574 3769 6
617 3711 978 3783 πολυτροπος
1023 3712 1379 3785 συνήρμοσεν
1409 3708 1616 3784 ”,Ερως
1670 3716 1769 3771 καὶ
1814 3723 1936 3780 τοῖς
1978 3711 2083 3770 υπ’
2119 3711 2345 3772 ἐκείνου

138 3796 601 3870 λογογραφηθεῖσι
639 3795 853 3870 ῥήμασι
887 3803 1179 3870 πεποίηκα
1213 3796 1314 3854 τὸν
1351 3795 1744 3871 ἐπιθαλάμιον
1778 3806 1919 3870 —⁸).
2378 3822 2443 3872 29

70 4031 72 4034 ,
251 3987 286 4055 ¹)
325 4007 428 4041 scr
467 3985 566 4040 καὶ
603 3983 712 4055 γὰρ
749 3979 1006 4068 οἷπόχρη,
1054 3991 1163 4040 nisi
1201 3991 1344 4041 forte
1379 3989 1486 4041 καί
1527 3990 1704 4042 deleri
1737 3991 1915 4042 malis.
2054 3991 2097 4070 8)
2133 3985 2211 4056 μή
2248 3991 2339 4042 de-

70 4109 72 4113 ,
139 4046 341 4107 lendum.
505 4057 548 4118 ³)
581 4055 828 4110 sent-013
865 4056 986 4109 σοῦ.
1145 4055 1192 4122 ⁴)
1235 4074 1339 4109 scr.
1376 4051 1637 4137 ἤνεγκεν.
1798 4058 1840 4124 ⁶)
1890 4075 1999 4110 scr.
2033 4075 2140 4125 την
2175 4052 2337 4110 θεόν.

137 4114 170 4180 ⁸)
210 4113 264 4184 ἒξ
297 4120 454 4176 ἔθων
497 4125 558 4176 O.
597 4125 892 4178 Dziatzko.
1031 4125 1074 4189 7)
1115 4117 1552 4193 ἐτεχνασάμεθα
1589 4125 1955 4178 C.B1assius.
2097 4126 2139 4191 8)
2179 4128 2342 4176 huius

72 4205 76 4246 'e
137 4181 342 4243 lacunae
380 4192 544 4259 eulpa
577 4209 690 4243 non
725 4193 952 4244 librario
990 4199 1077 4244 est
1111 4195 1494 4257 attribuenda,
1534 4194 1633 4245 sed
1665 4195 1776 4260 ipsi
1797 4194 2061 4258 Planudi,
2101 4195 2196 4259 qui
2217 4210 2341 4246 ver-

74 4267 77 4313 ἱ
139 4263 232 4305 ‘mm
261 4263 338 4312 30·
359 4261 618 4327 expedire
653 4276 764 4311 non
797 4262 992 4328 potuit.
