2917 4992
1056 379 1478 444 -33-

167 565 377 636 poetae
421 553 783 634 Lessingius
829 573 942 614 nos
990 553 1199 615 docuit
1242 555 1307 615 in
1351 556 1729 616 Laocoonte.
1790 573 1863 616 ac
1904 555 2186 618 mirificus
2230 577 2382 618 sane

168 659 403 717 effectus
450 665 765 736 spectatae
809 657 1037 716 Aconti
1081 657 1336 717 formae.
1417 678 1563 717 nam
1608 657 2034 738 pulcritudinis
2082 669 2382 720 amatores

165 761 220 818 in
272 759 486 819 ludum
552 760 810 819 itantem
865 777 1121 838 puerum
1177 758 1525 818 mirabundi
1584 761 2080 840 contemplantur
2139 763 2383 840 agmine

166 861 418 921 conferti
479 879 550 920 ac
602 861 740 920 loca
795 860 1045 939 publica
1097 861 1357 941 viasque
1411 861 1804 921 multitudine
1865 883 1977 921 sua
2030 864 2381 943 implentes.

163 964 432 1022 nimirum
487 961 628 1021 talis
686 962 752 1020 in
800 961 1204 1041 exprimenda
1263 963 1690 1023 formonsitate
1734 964 2001 1023 humana
2044 965 2381 1044 superlatio

166 1063 405 1144 propria
448 1065 664 1144 utique
710 1071 804 1122 est
847 1063 1002 1138 stili,
1051 1064 1156 1143 qui
1198 1073 1420 1142 reg-nat
1462 1065 1528 1124 in
1572 1066 1861 1125 universo
1891 1065 2011 1125 hoc
2040 1064 2384 1126 fabularum

163 1185 402 1244 genere.
492 1156 678 1244 atque
721 1171 790 1223 ut
835 1183 869 1223 e
902 1164 1154 1226 Graecis
1186 1166 1605 1247 Romanisque
1650 1186 1993 1246 proponam
2036 1167 2383 1228 auctoribus

165 1286 309 1346 quae
355 1267 515 1326 forte
561 1265 844 1325 conlecta
885 1265 1118 1339 habe0‚
1181 1266 1257 1325 cf.
1304 1267 1531 1327 Achill.
1577 1267 1717 1327 Tat.
1763 1269 1795 1327 Ι
1837 1277 1888 1343 4,
1932 1277 1969 1329 2
2010 1287 2149 1349 sqq.
2197 1279 2280 1344 19,
2330 1281 2380 1331 l.

165 1368 384 1427 Charit.
429 1368 463 1426 Ι
511 1379 557 1440 l,
606 1375 640 1429 3
681 1385 821 1446 sqq.
870 1379 918 1440 l,
969 1376 1035 1430 10
1079 1385 1219 1447 sqq.
1274 1375 1350 1442 14,
1403 1379 1601 1448 lsqq.
1647 1369 1715 1429 II
1758 1376 1809 1444 3,
1856 1377 2013 1450 9sq.
2060 1371 2163 1430 ΠΙ
2196 1379 2249 1446 2,
2302 1381 2377 1432 14.

163 1470 244 1528 IV
287 1477 340 1542 7,
399 1477 452 1530 6.
525 1467 818 1546 Xenoph.
864 1468 1098 1547 Ephes.
1145 1469 1180 1528 Ι
1240 1479 1286 1543 1,
1350 1478 1402 1532 3.
1454 1479 1537 1542 12,
1597 1481 1622 1532 1
1671 1489 1765 1550 sq.
1823 1471 1892 1530 Π
1934 1479 1985 1544 2,
2042 1475 2095 1533 4.
2169 1473 2379 1532 Nonn.

161 1571 336 1628 Dion.
394 1569 488 1630 IV
537 1575 636 1629 128
677 1589 816 1648 sqq.
873 1569 1002 1630 VII
1055 1577 1159 1632 226
1201 1589 1340 1649 sqq.
1405 1570 1473 1629 X
1521 1577 1617 1632 175
1660 1591 1800 1651 sqq.
1860 1569 2051 1632 XLII
2091 1581 2196 1635 459
2242 1593 2379 1653 sqq.

160 1672 302 1731 Mus.
339 1668 418 1729 de
450 1671 600 1728 Her.
647 1682 714 1731 55
758 1687 897 1750 sqq.
945 1668 1063 1729 Ov.
1103 1679 1247 1729 met.
1291 1671 1385 1732 IV
1427 1679 1497 1732 55
1541 1689 1633 1750 sq.
1680 1671 1747 1730 X
1789 1681 1891 1735 315
1934 1692 2071 1752 sqq.
2162 1674 2379 1753 quibus

162 1792 192 1830 e
215 1772 366 1830 locis
409 1770 697 1830 nonnulli
742 1771 1017 1849 proxime
1062 1771 1364 1830 accedunt
1409 1771 1491 1830 ad
1521 1772 2017 1832 Aristaeneteum
2045 1775 2216 1833 illum
2244 1777 2379 1836 sive

162 1871 650 1932 Callimacheum.
738 1872 933 1931 nihilo
991 1873 1182 1931 setius
1235 1873 1611 1932 stomachum
1664 1874 1773 1933 ille
1826 1876 2045 1948 movit,
2102 1884 2170 1934 ut
2225 1877 2381 1936 nihil

161 1975 336 2048 aliud,
386 1972 624 2034 Cobeto
653 1993 950 2033 mnemos.
981 1973 1081 2034 IX
1109 1993 1171 2052 p.
1204 1983 1321 2046 152,
1357 1975 1462 2053 qui
1489 1975 1981 2036 internecionem
2011 1997 2177 2038 nunc
2204 1977 2378 2037 mini-

160 2085 308 2134 tatur
351 2075 685 2134 Battiadae
742 2073 908 2134 bello
952 2066 1236 2156 ἄσπόνδῳ
1279 2071 1381 2132 καὶ
1423 2057 1763 2157 denodatos.
1812 2085 1876 2136 at
1918 2079 2145 2138 vellem
2188 2079 2379 2139 verbo

161 2177 558 2255 significasset
611 2176 707 2234 vir
761 2174 1246 2250 laudatissimae,
1319 2177 1469 2257 quid
1528 2179 1788 2238 sentiret
1846 2178 1924 2237 de
1981 2178 2377 2239 celeberrimo

161 2277 402 2337 exordio
447 2277 844 2355 Apuleianae
889 2275 1136 2337 fabulae
1183 2277 1353 2357 (met.
1399 2280 1493 2339 IV
1534 2288 1605 2342 28
1646 2277 1805 2359 sq.):
1858 2321 1873 2340 .
1910 2322 1926 2339 .
1968 2322 1987 2338 .
2023 2324 2037 2338 .
2088 2285 2245 2338 multi
2285 2285 2377 2339 de-

157 2385 308 2454 nique
352 2383 550 2438 civium
594 2386 647 2436 et
687 2381 936 2436 advenae
977 2384 1211 2454 copiosi,
1265 2398 1403 2454 quos
1445 2385 1637 2438 eximii
1684 2386 1987 2455 spectaculi
2028 2402 2220 2440 rumor
2260 2393 2378 2440 stu-

155 2483 298 2538 diosa
327 2481 638 2538 celebritate
663 2482 1056 2554 conyreyabat,
1088 2484 1411 2540 inaccessae
1434 2483 1835 2556 formonsitatis
1863 2484 2171 2556 (Psychae)
2202 2488 2377 2542 admi-

157 2586 362 2639 ratione
413 2583 622 2654 stupidi
672 2589 724 2637 et
777 2584 1125 2640 admoventes
1177 2584 1364 2639 oribus
1415 2586 1533 2640 suis
1586 2585 1877 2640 dexteram
1926 2589 2177 2658 primore
2221 2589 2381 2660 diyito

155 2688 204 2738 in
258 2691 502 2740 erectum
559 2685 812 2754 pollicem
861 2685 1164 2753 residente,
1231 2691 1293 2740 ut
1350 2686 1531 2757 ipsam
1587 2700 1832 2757 prorsus
1886 2687 2045 2741 deam
2114 2687 2379 2744 Venerem

156 2787 414 2858 religiosis
457 2784 869 2840 adorationibus
913 2767 1374 2864 (venerabantur)
1414 2825 1686 2844 .......
1724 2789 1835 2842 iam
1879 2789 2033 2842 multi
2070 2789 2381 2844 mortalium

158 2888 320 2959 lonyis
373 2886 657 2942 itineribus
710 2891 874 2958 atque
925 2888 1199 2942 altissimis
1254 2890 1428 2944 maris
1471 2885 1736 2943 meatibus
1778 2888 1857 2942 ad
1892 2891 2069 2944 seculi
2104 2892 2381 2962 specimen

155 2990 442 3058 qloriosum
510 2987 870 3060 confluebant.
966 2987 1206 3060 Paphon
1261 3003 1446 3056 nemo,
1515 2989 1721 3045 Cnidon
1784 3004 1941 3046 nemo
1996 3007 2066 3047 ac
2129 3007 2201 3047 ne
2256 2994 2381 3064 ipsa

158 3091 362 3160 quidem
391 3087 634 3162 Cythera
675 3088 754 3142 ad
793 3094 1148 3159 conspectum
1191 3090 1327 3145 deae
1369 3089 1601 3145 Veneris
1640 3092 1991 3162 naviyabant.
2044 3107 2215 3148 sacra
2258 3093 2383 3148 diae

156 3196 603 3260 praetereuntur,
672 3189 879 3260 templa
936 3189 1324 3262 deformantur
1339 3233 1354 3258 ,
1403 3193 1729 3263 pulvinaria
1779 3196 2177 3261 proteruntur,
2238 3195 2380 3247 ceri-

159 3294 361 3346 moniae
423 3292 802 3368 neququntur,
868 3291 1192 3346 incoronata
1259 3293 1561 3348 simulacra
1615 3297 1670 3346 et
1724 3306 1865 3348 arae
1918 3292 2116 3348 viduae
2171 3291 2381 3365 friyido

162 3395 331 3448 cinere
383 3392 665 3464 foedatae.
749 3391 973 3464 puellae
1035 3393 1380 3464 supplicatur
1435 3399 1492 3449 et
1544 3395 1602 3448 in
1654 3393 1903 3448 humanis
1954 3394 2191 3450 vultibus
2245 3396 2383 3450 deae

164 3499 346 3549 tantae
396 3494 626 3549 numina
677 3494 990 3564 placantur
1031 3501 1083 3548 et
1124 3495 1181 3548 in
1235 3497 1501 3550 matutino
1551 3509 1857 3566 proyressu
1900 3497 2125 3567 viryinis
2166 3499 2383 3553 victimis

162 3604 204 3650 et
240 3596 414 3667 epulis
471 3594 701 3651 Veneris
754 3594 999 3650 absentis
1050 3609 1254 3650 numen
1298 3598 1669 3668 propitiatur.
1747 3598 1966 3670 iamque
1997 3612 2112 3669 per
2158 3600 2384 3671 plateas

161 3702 543 3754 commeantem
599 3696 802 3768 populi
868 3693 1194 3768 frequentes
1257 3696 1490 3767 floribus
1553 3700 1723 3753 sertis
1790 3704 1844 3753 et
1906 3700 2101 3754 solutis
2178 3700 2381 3768 adpre-

161 3805 372 3857 cantur.
1435 3851 1439 3856 ,

317 3899 436 3959 Ille
481 3915 632 3958 vero
679 3896 815 3977 ipse
859 3896 1247 3958 Aristaeneti
1304 3899 1473 3958 locus
1532 3897 1951 3966 inlustrandus
2000 3904 2093 3956 est
2140 3896 2376 3957 Gallim.

164 4000 496 4080 fragmento
549 4007 678 4074 169,
743 3995 909 4080 quod
969 4000 1050 4060 ad
1097 3999 1453 4080 Cydippam
1507 3998 1820 4079 pertinere
1868 4007 1929 4057 et
1970 3995 2380 4056 Ruhnkenius

158 4242 312 4302 pedes
342 4239 569 4304 profert,
609 4233 665 4285 id
701 4187 872 4286 nihili·
899 4240 1001 4286 est.
1061 4236 1134 4289 cf.
1173 4236 1323 4290 anth.
1357 4237 1408 4288 V
1429 4237 1518 4300 48,
1540 4237 1590 4286 4.
1615 4237 1697 4298 60,
1725 4237 1773 4286 1.
1800 4235 1886 4297 94,
1911 4235 1963 4286 2.
2008 4233 2189 4286 Nonn.
2214 4232 2383 4285 Dion·

160 4322 255 4373 vu
290 4325 408 4389 237,
445 4323 495 4373 X
535 4323 650 4373 190.
688 4320 947 4372 Philostr.
987 4337 1071 4388 ep.
1109 4320 1342 4371 XXXVI
1378 4323 1551 4386 KayS.
1590 4320 1746 4372 alios.

222 4425 468 4461 mmmmm
480 4447 494 4473 ,
534 4423 766 4458 canum.
1089 4439 1096 4452 .
1936 4403 1980 4470 3
