2917 4992
1061 331 1484 430 -297

196 517 368 569 mente
432 507 544 567 der
587 505 735 565 aitia
795 505 906 564 des
949 505 1370 565 Kallimachos
1413 524 1478 585 p.
1522 514 1624 580 42,
1680 506 1747 564 in
1802 507 1926 566 fine
1972 506 2387 566 exhibendum

198 610 518 670 Callimachi
562 609 679 686 frg.
727 617 914 687 etym.
960 627 1037 665 ιιι.
1083 627 1147 686 Ρ.
1192 615 1324 680 223,
1363 617 1459 670 33:
1516 602 1771 685 γέγειος,
1828 597 1861 665 ὁ
1904 597 2147 684 ἀρχαῖος
2163 649 2179 681 ,
2224 597 2388 684 παρὰ

189 704 484 792 ‘'Exoewlq)
531 705 633 768 καὶ
677 707 1050 785 Καλλίμαχος

681 815 822 906 ηῤ’
872 818 962 885 ότι
1009 814 1198 896 vobs-o
1164 813 1464 903 ὃγέγειος
1506 823 1623 904 ἔχει
1668 817 1851 904 λόγος.

199 980 520 1040 Callimachi
582 979 747 1038 enim
803 997 1030 1037 nomen
1093 999 1126 1037 e
1187 978 1462 1038 codicum
1520 977 1721 1036 καλῶν
1782 978 1862 1057 (D
1904 979 2087 1056 aas)
2119 976 2169 1056 ¹)
2213 979 2389 1040 ieruit

195 1082 474 1141 Bentleius
523 1081 605 1140 ad
639 1079 879 1140 Callim.
930 1080 1202 1157 frg.103,
1249 1080 1564 1160 verbaque
1609 1089 1831 1158 poetae
1862 1080 2186 1139 Heckerus
2232 1100 2388 1139 com·

196 1193 350 1242 ment.
394 1182 635 1242 Callim.
684 1203 746 1260 Ρ.
795 1193 898 1244 110
950 1181 1226 1259 perbene
1285 1182 1366 1240 ad
1427 1181 1783 1262 Cydippam
1839 1181 2073 1240 rettulit
2127 1182 2391 1240 conlatis

196 1285 632 1344 Aristaeneteae
681 1283 983 1363 epistolae
1027 1283 1196 1341 hisce
1259 1283 1499 1342 verbis:
1565 1272 1598 1340 ὁ
1644 1273 1756 1362 γὰρ
1801 1271 2051 1352 παλαιὸς
2108 1275 2279 1360 λόγος
2323 1263 2391 1340 εὖ

196 1381 313 1460 ἔχει,
373 1375 459 1442 ότι
513 1374 723 1460 όμοιον
790 1374 974 1464 ὁμοίῳ
1030 1373 1182 1440 κατὰ
1248 1386 1421 1441 θεῖον
1476 1375 1569 1440 ἀεὶ
1624 1375 2026 1462 προσπελάζει.
2059 1382 2121 1460 ²)
2226 1383 2391 1463 quod

199 1489 330 1545 enim
370 1487 446 1545 ad
489 1505 668 1545 usum
712 1486 986 1564 pertinet
1027 1467 1065 1557 ἦ
1113 1481 1186 1562 ῥα
1231 1485 1557 1553 formulae,
1608 1506 1682 1544 ea
1725 1487 2085 1565 plerumque
2131 1505 2283 1544 sane
2325 1487 2391 1544 in

197 1589 645 1666 interrogatione
701 1587 890 1645 utitur
947 1585 1376 1646 Callimachus.
1431 1588 1509 1646 cf.
1568 1588 1635 1645 in
1678 1588 1822 1645 Del.
1868 1597 1954 1660 83,
2005 1598 2135 1660 114,
2196 1587 2389 1665 epigr.

197 1690 334 1748 XIII
376 1702 420 1753 1.
467 1690 549 1750 de
598 1689 794 1767 epigr.
837 1687 1035 1746 XXX
1078 1697 1114 1750 3
1168 1703 1398 1767 anceps
1453 1689 1703 1748 haereo·
1750 1688 1862 1747 sed
1921 1689 2115 1766 epigr.
2161 1687 2315 1747 LXI
2358 1696 2394 1748 3

196 1790 666 1869 interrogationis
741 1789 982 1866 signum
1054 1789 1372 1849 Meinekio
1449 1797 1583 1850 erat
1656 1788 2015 1868 ponendum
2086 1788 2389 1847 suadente

197 1893 354 1950 latina
393 1892 682 1950 versione
726 1891 902 1948 huius
951 1891 1433 1968 epigrammatis,
1484 1911 1643 1971 quae
1692 1899 1785 1950 est
1827 1891 1990 1949 inter
2032 1890 2393 1968 Vergiliana

199 1994 456 2052 catalecta
483 1992 668 2052 XIV.
686 1985 739 2067 ³)
788 2000 1000 2050 contra
1046 1993 1239 2070 epigr.
1272 1993 1427 2051 XLI
1455 2003 1491 2055 3
1534 1993 1614 2053 ad
1660 1992 2126 2051 affirmationem
2170 1991 2393 2051 ducere

198 2093 449 2153 videntur
493 2093 703 2154 Catuli
749 2090 911 2168 (non
955 2093 1137 2152 Porci
1181 2095 1383 2153 Licini
1440 2103 1507 2152 ut
1549 2094 1901 2153 Meinekius
1959 2094 2047 2150 ait
2089 2092 2168 2151 ad
2212 2093 2273 2151 h.
2321 2091 2389 2169 1.)

200 2214 372 2254 versus
418 2193 591 2275 apud
639 2193 801 2254 Grell.
848 2193 1013 2252 XIX
1057 2203 1106 2267 9,
1159 2203 1243 2255 14.
1333 2203 1396 2254 at
1441 2193 1606 2274 quod
1652 2202 1881 2253 certum
1924 2195 2001 2252 sit
2047 2194 2393 2272 exemplum

199 2277 228 2370 ἦ
263 2295 327 2373 ῥα
376 2296 680 2357 formulae
725 2295 792 2353 in
849 2294 1254 2356 affirmatione
1313 2296 1554 2376 positae
1596 2295 1889 2354 habemus
1934 2295 2000 2353 in
2044 2294 2257 2374 Apoll.
2302 2303 2391 2356 85.

200 2418 326 2476 quae
380 2419 513 2458 cum
575 2399 664 2456 ita
721 2398 876 2471 sint,
937 2396 1309 2475 perdignum
1361 2398 1679 2458 mentione
1736 2406 1857 2471 est,
1920 2396 2086 2477 quod
2129 2397 2391 2457 Nonnus

200 2498 523 2559 Callimachi
559 2498 1068 2576 diligentissimus
1101 2480 1427 2574 sectatori
1458 2496 1533 2578 ῥα
1558 2498 1769 2558 crebro
1802 2499 2080 2558 adhibuit
2110 2501 2174 2557 in
2204 2500 2393 2567 inter-

198 2603 510 2679 rogatione,
561 2601 628 2660 in
674 2600 1080 2659 affirmatione
1111 2620 1238 2658 non
1271 2601 1534 2680 amplius
1564 2601 1688 2673 bis,
1738 2598 2106 2658 observante
2135 2600 2393 2658 Lehrsio

199 2713 424 2781 quaestt.
473 2723 576 2782 ep.
622 2723 685 2780 p.
731 2708 854 2764 269.
917 2700 996 2759 de
1042 2701 1369 2780 proverbio
1417 2710 1621 2761 autem
1664 2703 1799 2779 ipso
1842 2719 1975 2758 cum
2013 2701 2394 2759 Aristaeneti

197 2804 538 2884 interpretes
585 2811 681 2862 sat
722 2803 912 2862 multa
969 2805 1473 2863 coacervaverint
1530 2803 1734 2863 dicere
1793 2801 2191 2881 supersedeo.
2282 2801 2392 2860 sed

201 2903 519 2965 Charitonis
577 2904 734 2963 haec
791 2906 1134 2963 notaverim
1179 2905 1596 2965 similitudinis
1651 2925 1898 2964 caussa:
1943 2905 2002 2965 V
2051 2915 2071 2966 l
2121 2904 2257 2962 init.
2316 2895 2396 2974 ὡς

199 3001 282 3080 μὲν
319 2998 592 3085 ἐγαμήθη
636 2997 978 3081 Καλλιρρόη
1023 3001 1287 3089 Χαιρέᾳ,
1348 3006 1627 3082 καλλίστη
1682 3007 1988 3085 γυναικῶν
2031 2994 2205 3080 ἆνδρὶ
2252 3007 2393 3062 καλ-

201 3109 357 3190 λίστῳ.
411 3109 580 3170 VIII
627 3117 673 3181 l,
720 3117 756 3170 3
799 3098 906 3164 ὁύο
947 3107 1066 3165 τῶν
1109 3109 1433 3168 καλλίστων
1476 3099 1695 3184 ἥρμοσε
1738 3099 2125 3185 (Ἀφροδίτη)
2173 3105 2394 3182 ζεῦγος.

201 3208 285 3284 ll,
319 3222 371 3272 ll
418 3199 668 3286 ἡπόλις
709 3203 1099 3284 μνηστεύεται
1143 3199 1278 3280 τούς
1321 3201 1549 3289 γάμους
1591 3202 1846 3286 σήμερον
1888 3198 2155 3283 ἀλλήλων
2196 3197 2393 3298 ἀξίων.

305 3428 340 3492 ¹)
377 3432 668 3493 Frequens
706 3427 852 3476 enim
889 3427 1029 3477 haec
1069 3428 1342 3492 confusiO,
1371 3445 1512 3493 quae
1550 3445 1583 3478 a
1622 3427 2067 3492 compendiorum
2100 3442 2205 3478 usu
2240 3444 2396 3494 repe-

201 3514 336 3564 tenda
369 3519 468 3564 est.
533 3512 606 3562 cf.
641 3512 801 3561 Basti
839 3518 1126 3563 comment.
1154 3513 1436 3579 palaeogr.
1466 3530 1517 3579 p.
1544 3515 1658 3563 817.
1699 3513 1873 3563 veluti
1912 3518 2074 3578 etym.
2101 3529 2170 3564 m.
2195 3529 2249 3578 p.
2276 3514 2391 3575 237,

200 3598 249 3646 45
270 3599 318 3647 in
343 3600 457 3649 cod.
483 3599 538 3648 D
569 3600 655 3646 est
691 3596 859 3658 καλῑ,
900 3597 957 3645 in
981 3598 1024 3646 P
1052 3597 1308 3660 καλοῦσι,
1345 3599 1404 3646 in
1428 3599 1477 3648 V
1502 3597 1866 3664 καλλίμαχος.
1928 3603 1985 3646 et
2020 3597 2163 3662 quod
2199 3613 2249 3662 p.
2277 3599 2392 3658 207,

205 3682 248 3730 17
280 3683 329 3732 in
364 3683 651 3734 codicibus
689 3685 773 3731 est
809 3680 940 3732 κλεῖ
970 3679 1111 3730 bene
1138 3683 1202 3734 Ο.
1230 3682 1597 3732 Schneiderus
1623 3683 1836 3734 Ztschr.
1874 3683 1914 3731 f.
1950 3683 2017 3733 A.
2053 3683 2183 3730 1848
2217 3697 2270 3745 p.
2297 3683 2395 3731 786

204 3771 404 3818 correxit
436 3767 828 3832 Καλλίμαχος.
901 3768 1046 3818 idem
1093 3767 1252 3832 proll.
1292 3768 1351 3815 in
1390 3773 1502 3817 aet.
1543 3766 1686 3816 Call.
1723 3783 1777 3832 p.
1819 3769 1880 3815 12
1928 3765 2256 3815 Callimachi
2300 3780 2393 3813 no-

204 3865 297 3900 men
331 3855 498 3903 inseri
533 3851 656 3902 vult
692 3857 853 3917 etym.
894 3869 961 3902 m.
1001 3868 1054 3917 p.
1091 3854 1216 3910 249,
1257 3853 1287 3901 7
1324 3852 1418 3900 ubi
1454 3851 1661 3917 legitur
1695 3843 1887 3901 καλόν.
1961 3855 2021 3897 at
2052 3849 2195 3898 haec
2222 3847 2396 3898 -aliter

205 3938 512 3999 expedienda
549 3941 700 4002 puto.
767 3936 1109 4001 probabilius
1148 3936 1436 3986 Heckerus
1475 3935 1662 4002 philol.
1698 3935 1775 3984 IV
1809 3951 1861 3998 p.
1897 3934 1997 3983 478
2032 3947 2111 3995 sq.
2159 3946 2259 3997 pro
2294 3949 2394 3984 κα-

203 4017 350 4070 λεῖται
385 4023 441 4071 in
481 4021 677 4072 eodem
716 4023 880 4082 etym.
917 4036 984 4072 m.
1021 4036 1072 4085 p.
1110 4022 1226 4085 229,
1261 4022 1330 4071 43
1365 4021 1536 4072 scribi
1571 4019 1689 4068 vult
1723 4015 2104 4081 Καλλίμαχος.

305 4103 346 4170 ²)
383 4107 576 4156 Nonne
623 4103 999 4154 Callimachus
1042 4105 1100 4154 in
1146 4120 1211 4154 eo
1257 4106 1350 4170 qui
1393 4104 1727 4170 sequebatur
1770 4116 1935 4153 versu
1983 4101 2181 4151 habuit
2226 4117 2396 4166 προσ·

203 4180 400 4250 slavica?
434 4188 681 4252 Hesych.
717 4181 1090 4253 προσπλᾰζει·
1125 4183 1517 4254 προσπελάζει.

309 4271 349 4338 3)
383 4275 470 4324 Cf.
509 4273 814 4338 Hauptium
849 4273 959 4326 ind.
995 4273 1149 4324 lectt.
1188 4274 1370 4328 Berol.
1406 4275 1520 4324 hib.
1562 4274 1892 4323 1858—1859
1927 4289 1983 4339 p.
2021 4276 2050 4325 7
2088 4289 2168 4340 sq.
