2917 4992
1153 369 1529 432 -5-

157 549 442 607 librum
484 547 647 606 ducit
692 545 948 604 Maurici
995 543 1295 604 Schmidti
1338 542 1504 603 haud
1562 544 1770 623 paullo
1828 543 2204 624 probabilior
2250 547 2458 627 dispu—

161 649 374 708 tatio
417 649 666 730 Didym.
712 669 776 726 p.
822 653 926 708 390
969 667 1064 726 sq.

393 753 613 811 Verum
660 749 822 807 enim
866 769 1014 807 vero
1061 769 1191 807 rem
1234 748 1552 826 aliquanto
1597 745 2073 807 reconditiorem
2114 750 2259 807 mihi
2292 769 2453 809 asse·

165 860 392 911 cutus
424 871 556 912 esse
586 850 808 908 videor
822 894 837 923 ,
887 870 1069 929 quam
1117 848 1259 907 dum
1301 849 1485 908 modo
1532 848 1921 929 persuadere
1968 851 2286 928 contingat
2328 871 2455 910 non

169 953 473 1030 negabis
518 953 834 1032 pertinere
879 951 962 1010 ad
992 951 1246 1009 Homeri
1279 959 1341 1009 et
1373 950 1732 1010 Callimachi
1778 951 2029 1010 nomina
2072 953 2299 1011 totiens
2345 973 2459 1032 per

171 1076 272 1133 op
282 1056 670 1134 positionem
700 1055 924 1112 iuncta.
989 1052 1234 1126 etenim,
1279 1053 1342 1110 ni
1376 1052 1624 1130 egregie
1655 1053 1839 1111 fallor
1853 1097 1867 1125 ,
1916 1053 1991 1131 ip
2008 1073 2035 1112 s
2050 1073 2082 1112 e
2114 1052 2173 1111 A
2187 1054 2255 1112 le
2269 1075 2309 1112 x
2324 1075 2361 1113 a
2375 1075 2416 1114 n
2436 1087 2455 1097 -

175 1157 224 1215 d
245 1157 492 1215 rinae
540 1137 849 1232 elegiae
896 1154 1274 1227 antisteS,
1326 1154 1700 1233 quisnam
1744 1153 1893 1213 sibi
1924 1155 2265 1213 semitam
2300 1156 2456 1213 ele·

177 1257 268 1334 gi
291 1266 325 1314 t
366 1255 1022 1336 persequendam,
1069 1257 1368 1314 tantum
1407 1255 1613 1315 afuit
1662 1263 1743 1316 ut
1795 1256 2197 1336 particeps
2248 1265 2458 1314 esset

179 1379 219 1416 c
241 1379 290 1416 o
315 1358 626 1416 mmunis
688 1347 1003 1416 Homeri
1061 1357 1645 1431 admirationiS,
1706 1366 1785 1416 ut
1843 1356 1917 1415 in
1975 1358 2457 1417 contrariam

177 1480 228 1538 p
251 1460 474 1518 otius
531 1480 570 1537 p
591 1465 828 1517 artem
893 1457 1209 1539 aliquod
1271 1459 1694 1537 exemplum
1756 1459 2147 1536 effingere
2206 1459 2365 1517 vell
2385 1467 2458 1516 et

179 1569 594 1639 tamquam
650 1559 1014 1620 noviciae
1072 1582 1100 1618 s
1119 1560 1395 1619 cholae
1442 1569 1737 1633 auctor,
1802 1579 1838 1616 a
1883 1559 2205 1620 fastidiosa
2248 1581 2455 1639 super-

181 1661 313 1720 bia
354 1660 526 1721 haud
573 1681 724 1720 sane
757 1661 808 1720 is
840 1661 924 1720 ita
970 1661 1228 1720 alienus.
1292 1661 1460 1742 quod
1508 1682 1671 1721 nunc
1718 1661 2234 1741 comprobaturuS,
2283 1663 2452 1720 unde

185 1763 556 1844 quaerendi
610 1763 850 1822 occasio
908 1763 1055 1822 mihi
1114 1772 1262 1823 nata
1317 1771 1438 1838 est,
1507 1762 1657 1823 inde
1722 1763 2178 1823 commentandi
2238 1762 2453 1821 ducam

188 1865 554 1924 exordium.

386 1966 568 2044 Quod
617 1967 781 2024 enim
825 1967 1045 2025 attinet
1090 1966 1170 2025 ad
1218 1965 1579 2027 Callimachi
1627 1965 1705 2025 de
1750 1967 2082 2026 Homerica
2125 1967 2303 2046 poesi
2347 1987 2453 2045 pa·

185 2090 340 2128 rum
393 2068 784 2126 honorificum
828 2068 1120 2128 iudicium
1134 2113 1148 2141 ,
1207 2088 1438 2127 summo
1485 2067 1737 2128 brachio
1792 2069 1951 2128 hanc
1996 2089 2271 2128 caussam
2318 2069 2452 2127 atti-

189 2171 292 2247 git
341 2170 711 2228 Welckerus
729 2215 743 2242 ,
804 2169 915 2228 sed
961 2171 1046 2228 ita
1092 2178 1157 2228 ut
1201 2170 1570 2228 contrarium
1628 2169 1907 2228 studeret
1962 2170 2268 2228 evincere.
2360 2171 2454 2227 cui

191 2291 428 2330 ansam
483 2270 767 2350 praebuit
821 2271 1276 2331 celeberrimum
1325 2271 1687 2330 Callimachi
1742 2271 2117 2350 epigramma
2160 2271 2455 2330 XXVIII

197 2372 309 2431 ed.
368 2372 639 2432 Meinek.

510 2513 804 2600 Ἐχθαίρω
841 2512 910 2580 τὸ
953 2521 1177 2600 ποίημα
1223 2517 1284 2582 cd
1329 2516 1650 2596 κυκλικόν,
1696 2512 1836 2583 οὐδὲ
1879 2516 2151 2606 κελεύθῳ

509 2645 520 2657 “
599 2623 786 2700 χαίρω
828 2620 918 2694 τὶς
961 2615 1216 2695 πολλοὺς
1262 2609 1374 2684 ὦδε
1419 2621 1523 2682 καὶ
1567 2608 1681 2683 ὧδε
1720 2621 1907 2699 φέρει.

516 2725 668 2800 μισῶ
711 2723 813 2784 καὶ
851 2725 1202 2802 περίφοιτον
1247 2721 1575 2802 ἐρώμενον,
1621 2717 1752 2783 οὐδ’
1798 2714 1917 2783 ἆπὸ
1961 2720 2187 2801 κρήνης

601 2826 776 2887 πίνω.
843 2826 1126 2905 σικχαίνω
1170 2819 1366 2886 πάντα
1408 2817 1479 2886 τοὶ
1528 2821 1795 2902 δημόσια.
1821 2823 1872 2903 ¹)

357 3079 392 3144 ¹)
428 3082 490 3130 V.
519 3084 549 3131 2
587 3081 728 3130 coni.
757 3078 1130 3129 Blomfieldius
1167 3045 1346 3144 χαίρω
1383 3072 1471 3144 τή.
1513 3085 1571 3130 at
1606 3097 1761 3130 novas
1798 3083 1877 3130 vel
1910 3081 2116 3130 articuli
2148 3082 2227 3128 vel
2258 3096 2453 3143 prono-

121 3230 132 3236 -
196 3169 358 3216 minis
385 3167 578 3227 formas
615 3168 900 3229 confingere
936 3165 1118 3213 nemini
1151 3167 1282 3223 lieet,
1322 3182 1384 3214 ne
1420 3167 1662 3228 episcopo
1699 3167 1896 3229 quidem
1921 3167 2249 3218 Londinensi,
2286 3167 2347 3210 ut
2374 3165 2453 3214 ait

202 3249 586 3314 Goettlingius
623 3249 690 3298 de
727 3248 892 3298 duob.
933 3247 1150 3300 Callim.
1191 3251 1362 3314 epigr.
1406 3250 1544 3311 (ind.
1583 3249 1739 3299 lectt.
1774 3251 1901 3299 Jen.
1942 3253 2080 3298 aest.
2104 3235 2276 3310 ι1857)
2311 3263 2362 3311 p.
2403 3249 2451 3300 6.

201 3333 522 3383 Meinekius
558 3334 835 3397 optionem
871 3333 968 3383 dat
1004 3334 1147 3384 inter
1173 3333 1352 3398 χαίρω
1387 3325 1508 3392 ὅτις
1546 3325 1718 3390 λαούς
1757 3339 1813 3382 et
1851 3330 2031 3397 χαίρω
2068 3319 2105 3396 ἣ
2143 3323 2278 3389 τούς
2316 3333 2449 3382 πολ.-

208 3410 366 3479 λούς,
419 3433 641 3480 quorum
678 3419 831 3482 prius
866 3419 1046 3482 magis
1085 3418 1447 3468 commendat.
1527 3419 1687 3468 omisi
1726 3422 1909 3468 autem
1947 3417 2041 3482 qui
2079 3417 2453 3482 adiunguntur

208 3506 268 3552 iu
311 3503 500 3552 codice
538 3501 798 3552 Palatino
834 3517 1055 3553 versus:

479 3620 765 3686 Λυσανίη,
804 3612 872 3671 σύ
912 3613 976 3670 δὲ
1013 3619 1171 3685 ναίχι
1207 3612 1382 3678 καλὸς
1418 3615 1611 3679 καλός.
1656 3611 1803 3668 ἀλλὰ
1836 3613 1977 3683 πρὶν
2013 3613 2203 3670 εἰπεῖν

548 3701 714 3755 τοῦτο
753 3701 966 3768 σαφῶς,
1003 3693 1122 3769 η’χώ
1161 3703 1306 3770 φησί
1339 3721 1424 3763 τις
1464 3694 1650 3762 ιἄλλος
1691 3697 1856 3769 ἔχει’.

210 3825 384 3872 totum
442 3821 585 3870 enim
639 3815 746 3871 hoc
801 3821 1076 3873 distichon
1140 3822 1269 3872 hinc
1325 3823 1586 3874 alienum.
1670 3823 1827 3873 cuius
1879 3822 2051 3872 iudici
2103 3822 2310 3873 socium
2353 3837 2449 3887 *me

209 3906 517 3971 Hauptium
552 3905 760 3955 habere
799 3921 865 3954 ex
901 3905 1148 3957 Meineki
1187 3907 1428 3958 editione
1467 3907 1637 3969 discO‚
1678 3923 2008 3972 quamquam
2044 3923 2147 3956 nec
2186 3921 2249 3956 eo
2288 3921 2449 3970 quem

208 3991 308 4040 ille
342 3989 555 4052 indicat
598 3989 866 4054 philologi
900 3991 1026 4040 loco
1062 3992 1341 4056 Hauptius
1376 3992 1479 4042 hos
1515 3993 1785 4042 tractavit
1821 4006 2039 4053 versu8‚
2088 4006 2191 4040 nec
2230 3991 2449 4041 omnino

209 4075 434 4126 videtur
466 4078 760 4124 tractasse.
824 4073 1074 4125 efficiunt
1112 4081 1296 4124 autem
1333 4075 1419 4124 illi
1453 4076 1738 4141 integrum?
1760 4076 2100 4140 epigramma
2123 4074 2262 4124 licet
2285 4075 2450 4126 valde

209 4160 510 4222 turbatum,
550 4158 691 4223 quod
726 4174 828 4222 quo
866 4160 1024 4210 modo
1052 4160 1213 4208 nobis
1241 4161 1496 4210 videatur
1520 4159 1933 4221 restituendum,
1974 4159 2085 4210 alio
2113 4159 2236 4213 loco
2264 4161 2450 4212 deela-

205 4243 471 4294 rabimuS.
543 4247 785 4292 ceterum
833 4243 1004 4292 etiam
1049 4243 1299 4293 Naekius
1335 4245 1474 4296 Hec.
1510 4262 1561 4309 p.
1600 4246 1662 4295 13
1700 4248 1955 4309 quattuor
1997 4248 2211 4296 tantum
2256 4261 2449 4297 versus

206 4327 445 4392 apponit
481 4327 672 4376 ultimo
709 4327 944 4377 disticho
982 4328 1155 4378 tacite
1193 4329 1410 4378 omisso·
