<?xml version="1.0" encoding="UTF-8"?>
<!DOCTYPE html PUBLIC "-//W3C//DTD XHTML 1.0 Transitional//EN"
    "http://www.w3.org/TR/xhtml1/DTD/xhtml1-transitional.dtd">
<html xmlns="http://www.w3.org/1999/xhtml" xml:lang="en" lang="en">
 <head>
  <title>
</title>
<meta http-equiv="Content-Type" content="text/html;charset=utf-8" />
  <meta name='ocr-system' content='tesseract 3.04.00' />
  <meta name='ocr-capabilities' content='ocr_page ocr_carea ocr_par ocr_line ocrx_word'/>
</head>
<body>
  <div class='ocr_page' id='page_1' title='image "./decallimachicyd00ovidgoog_0026.png"; bbox 0 0 2917 4992; ppageno 0'>
   <div class='ocr_carea' id='block_1_1' title="bbox 1390 341 1811 403">
    <p class='ocr_par' dir='ltr' id='par_1_1' title="bbox 1390 341 1811 403">
     <span class='ocr_line' id='line_1_1' title="bbox 1390 341 1811 403; baseline 0 -17"><span class='ocrx_word' id='word_1_1' title='bbox 1390 341 1811 403; x_wconf 67' lang='lat'>—10-</span> 
     </span>
    </p>
   </div>
   <div class='ocr_carea' id='block_1_2' title="bbox 443 513 2734 3837">
    <p class='ocr_par' dir='ltr' id='par_1_2' title="bbox 489 513 2729 1000">
     <span class='ocr_line' id='line_1_2' title="bbox 492 513 2727 593; baseline 0 -19"><span class='ocrx_word' id='word_1_2' title='bbox 492 514 848 592; x_wconf 86' lang='lat' dir='ltr'><strong>Creophylo</strong></span> <span class='ocrx_word' id='word_1_3' title='bbox 897 534 968 572; x_wconf 86' lang='lat' dir='ltr'><strong>eo</strong></span> <span class='ocrx_word' id='word_1_4' title='bbox 1025 513 1327 587; x_wconf 85' lang='lat' dir='ltr'><strong>habitum,</strong></span> <span class='ocrx_word' id='word_1_5' title='bbox 1393 513 1559 593; x_wconf 86' lang='lat' dir='ltr'><strong>quod</strong></span> <span class='ocrx_word' id='word_1_6' title='bbox 1618 515 1810 592; x_wconf 88' lang='lat' dir='ltr'><strong>ipsius</strong></span> <span class='ocrx_word' id='word_1_7' title='bbox 1871 515 2123 572; x_wconf 78' lang='lat' dir='ltr'><strong>carmini</strong></span> <span class='ocrx_word' id='word_1_8' title='bbox 2182 534 2408 572; x_wconf 89' lang='lat' dir='ltr'><strong>nomen</strong></span> <span class='ocrx_word' id='word_1_9' title='bbox 2461 516 2727 574; x_wconf 78' lang='lat' dir='ltr'><strong>Homeri</strong></span> 
     </span>
     <span class='ocr_line' id='line_1_3' title="bbox 489 605 2729 694; baseline 0 -20"><span class='ocrx_word' id='word_1_10' title='bbox 489 617 932 694; x_wconf 85' lang='lat' dir='ltr'><strong>praescriptum</strong></span> <span class='ocrx_word' id='word_1_11' title='bbox 976 616 1312 692; x_wconf 86' lang='lat' dir='ltr'><strong>legeretur,</strong></span> <span class='ocrx_word' id='word_1_12' title='bbox 1361 637 1573 674; x_wconf 87' lang='lat' dir='ltr'><strong>nonne</strong></span> <span class='ocrx_word' id='word_1_13' title='bbox 1618 616 1923 674; x_wconf 79' lang='lat' dir='ltr'><strong>concedes</strong></span> <span class='ocrx_word' id='word_1_14' title='bbox 1968 616 2135 674; x_wconf 86' lang='lat' dir='ltr'><strong>miris</strong></span> <span class='ocrx_word' id='word_1_15' title='bbox 2180 615 2376 674; x_wconf 85' lang='lat' dir='ltr'><strong>modis</strong></span> <span class='ocrx_word' id='word_1_16' title='bbox 2421 605 2729 694; x_wconf 80' lang='lat' dir='ltr'><strong>languere</strong></span> 
     </span>
     <span class='ocr_line' id='line_1_4' title="bbox 491 709 2726 796; baseline -0 -19"><span class='ocrx_word' id='word_1_17' title='bbox 491 727 552 777; x_wconf 90' lang='lat' dir='ltr'><strong>et</strong></span> <span class='ocrx_word' id='word_1_18' title='bbox 595 717 866 794; x_wconf 81' lang='lat' dir='ltr'><strong>frigere?</strong></span> <span class='ocrx_word' id='word_1_19' title='bbox 954 737 1164 775; x_wconf 88' lang='lat' dir='ltr'><strong>nonne</strong></span> <span class='ocrx_word' id='word_1_20' title='bbox 1223 717 1560 795; x_wconf 87' lang='lat' dir='ltr'><strong>anticipato</strong></span> <span class='ocrx_word' id='word_1_21' title='bbox 1605 719 1861 795; x_wconf 81' lang='lat' dir='ltr'><strong>insuper</strong></span> <span class='ocrx_word' id='word_1_22' title='bbox 1908 716 2247 796; x_wconf 81' lang='lat' dir='ltr'><strong>Creophyli</strong></span> <span class='ocrx_word' id='word_1_23' title='bbox 2291 719 2541 776; x_wconf 83' lang='lat' dir='ltr'><strong>nomine</strong></span> <span class='ocrx_word' id='word_1_24' title='bbox 2590 709 2726 776; x_wconf 74' lang='lat' dir='ltr'><strong>cffi&#39;-</strong></span> 
     </span>
     <span class='ocr_line' id='line_1_5' title="bbox 490 819 2724 897; baseline 0 -21"><span class='ocrx_word' id='word_1_25' title='bbox 490 821 670 891; x_wconf 89' lang='lat' dir='ltr'><strong>citur,</strong></span> <span class='ocrx_word' id='word_1_26' title='bbox 717 827 784 876; x_wconf 89' lang='lat' dir='ltr'><strong>ut</strong></span> <span class='ocrx_word' id='word_1_27' title='bbox 826 819 981 877; x_wconf 89' lang='lat' dir='ltr'><strong>haec</strong></span> <span class='ocrx_word' id='word_1_28' title='bbox 1026 819 1158 876; x_wconf 87' lang='lat' dir='ltr'><strong>fere</strong></span> <span class='ocrx_word' id='word_1_29' title='bbox 1205 819 1516 877; x_wconf 90' lang='lat' dir='ltr'><strong>sententia</strong></span> <span class='ocrx_word' id='word_1_30' title='bbox 1561 820 1906 897; x_wconf 80' lang='lat' dir='ltr'><strong>perluceat:</strong></span> <span class='ocrx_word' id='word_1_31' title='bbox 1954 821 2211 896; x_wconf 81' lang='lat' dir='ltr'><strong>‘poetae</strong></span> <span class='ocrx_word' id='word_1_32' title='bbox 2251 827 2375 877; x_wconf 86' lang='lat' dir='ltr'><strong>tam</strong></span> <span class='ocrx_word' id='word_1_33' title='bbox 2405 819 2724 893; x_wconf 89' lang='lat' dir='ltr'><strong>mediocri,</strong></span> 
     </span>
     <span class='ocr_line' id='line_1_6' title="bbox 492 918 2491 1000; baseline -0.001 -21"><span class='ocrx_word' id='word_1_34' title='bbox 492 921 689 1000; x_wconf 88' lang='lat' dir='ltr'><strong>qualis</strong></span> <span class='ocrx_word' id='word_1_35' title='bbox 737 928 831 978; x_wconf 86' lang='lat' dir='ltr'><strong>est</strong></span> <span class='ocrx_word' id='word_1_36' title='bbox 877 918 1294 998; x_wconf 82' lang='lat' dir='ltr'><strong>Creophylus,</strong></span> <span class='ocrx_word' id='word_1_37' title='bbox 1342 920 1447 978; x_wconf 89' lang='lat' dir='ltr'><strong>vel</strong></span> <span class='ocrx_word' id='word_1_38' title='bbox 1492 920 1608 978; x_wconf 92' lang='lat' dir='ltr'><strong>hoc</strong></span> <span class='ocrx_word' id='word_1_39' title='bbox 1654 919 1885 999; x_wconf 85' lang='lat' dir='ltr'><strong>aliquid</strong></span> <span class='ocrx_word' id='word_1_40' title='bbox 1931 920 2183 979; x_wconf 88' lang='lat' dir='ltr'><strong>honoris</strong></span> <span class='ocrx_word' id='word_1_41' title='bbox 2227 919 2491 979; x_wconf 76' lang='lat' dir='ltr'><strong>habet&#39;?</strong></span> 
     </span>
    </p>

    <p class='ocr_par' dir='ltr' id='par_1_3' title="bbox 487 1021 2729 1303">
     <span class='ocr_line' id='line_1_7' title="bbox 655 1021 2728 1100; baseline 0.001 -22"><span class='ocrx_word' id='word_1_42' title='bbox 655 1021 742 1079; x_wconf 89' lang='lat' dir='ltr'><strong>At</strong></span> <span class='ocrx_word' id='word_1_43' title='bbox 773 1021 934 1078; x_wconf 89' lang='lat' dir='ltr'><strong>enim</strong></span> <span class='ocrx_word' id='word_1_44' title='bbox 979 1021 1406 1094; x_wconf 75' lang='lat' dir='ltr'><strong>concedamUS,</strong></span> <span class='ocrx_word' id='word_1_45' title='bbox 1452 1022 1606 1080; x_wconf 87' lang='lat' dir='ltr'><strong>haec</strong></span> <span class='ocrx_word' id='word_1_46' title='bbox 1637 1023 1722 1079; x_wconf 88' lang='lat' dir='ltr'><strong>ita</strong></span> <span class='ocrx_word' id='word_1_47' title='bbox 1754 1041 1889 1080; x_wconf 87' lang='lat' dir='ltr'><strong>esse</strong></span> <span class='ocrx_word' id='word_1_48' title='bbox 1924 1031 2304 1100; x_wconf 87' lang='lat' dir='ltr'><strong>comparata,</strong></span> <span class='ocrx_word' id='word_1_49' title='bbox 2352 1030 2419 1080; x_wconf 88' lang='lat' dir='ltr'><strong>ut</strong></span> <span class='ocrx_word' id='word_1_50' title='bbox 2448 1022 2728 1100; x_wconf 86' lang='lat' dir='ltr'>aliquam</span> 
     </span>
     <span class='ocr_line' id='line_1_8' title="bbox 488 1121 2729 1202; baseline 0.001 -22"><span class='ocrx_word' id='word_1_51' title='bbox 488 1121 759 1181; x_wconf 87' lang='lat' dir='ltr'><strong>habeant</strong></span> <span class='ocrx_word' id='word_1_52' title='bbox 802 1122 1250 1200; x_wconf 80' lang='lat' dir='ltr'>probabilitatis</span> <span class='ocrx_word' id='word_1_53' title='bbox 1296 1125 1595 1202; x_wconf 89' lang='lat' dir='ltr'><strong>speciem,</strong></span> <span class='ocrx_word' id='word_1_54' title='bbox 1644 1144 1771 1182; x_wconf 89' lang='lat' dir='ltr'><strong>non</strong></span> <span class='ocrx_word' id='word_1_55' title='bbox 1816 1123 2235 1201; x_wconf 84' lang='lat' dir='ltr'><strong>persuadeant</strong></span> <span class='ocrx_word' id='word_1_56' title='bbox 2264 1125 2531 1202; x_wconf 86' lang='lat' dir='ltr'><strong>penitus.</strong></span> <span class='ocrx_word' id='word_1_57' title='bbox 2596 1125 2729 1182; x_wconf 87' lang='lat' dir='ltr'><strong>alia</strong></span> 
     </span>
     <span class='ocr_line' id='line_1_9' title="bbox 487 1225 1085 1303; baseline 0 -21"><span class='ocrx_word' id='word_1_58' title='bbox 487 1233 629 1283; x_wconf 87' lang='lat' dir='ltr'><strong>sunt</strong></span> <span class='ocrx_word' id='word_1_59' title='bbox 672 1225 735 1283; x_wconf 92' lang='lat' dir='ltr'><strong>in</strong></span> <span class='ocrx_word' id='word_1_60' title='bbox 781 1232 1085 1303; x_wconf 71' lang='lat' dir='ltr'><strong>prompta.</strong></span> 
     </span>
    </p>

    <p class='ocr_par' dir='ltr' id='par_1_4' title="bbox 443 1324 2734 3837">
     <span class='ocr_line' id='line_1_10' title="bbox 653 1324 2728 1406; baseline 0 -21"><span class='ocrx_word' id='word_1_61' title='bbox 653 1327 946 1386; x_wconf 81' lang='lat' dir='ltr'><strong>Fortasse</strong></span> <span class='ocrx_word' id='word_1_62' title='bbox 1014 1326 1448 1399; x_wconf 84' lang='lat' dir='ltr'><strong>Callimachus,</strong></span> <span class='ocrx_word' id='word_1_63' title='bbox 1534 1347 1714 1406; x_wconf 90' lang='lat' dir='ltr'><strong>quem</strong></span> <span class='ocrx_word' id='word_1_64' title='bbox 1776 1324 2113 1384; x_wconf 90' lang='lat' dir='ltr'><strong>Oechaliae</strong></span> <span class='ocrx_word' id='word_1_65' title='bbox 2194 1329 2728 1404; x_wconf 87' lang='lat' dir='ltr'><strong>expugnationem</strong></span> 
     </span>
     <span class='ocr_line' id='line_1_11' title="bbox 491 1425 2728 1507; baseline 0 -20"><span class='ocrx_word' id='word_1_66' title='bbox 491 1428 844 1507; x_wconf 87' lang='lat' dir='ltr'><strong>Creophylo</strong></span> <span class='ocrx_word' id='word_1_67' title='bbox 893 1428 1244 1506; x_wconf 84' lang='lat' dir='ltr'><strong>assignasse</strong></span> <span class='ocrx_word' id='word_1_68' title='bbox 1289 1427 1583 1500; x_wconf 86' lang='lat' dir='ltr'><strong>vidimus,</strong></span> <span class='ocrx_word' id='word_1_69' title='bbox 1647 1426 2044 1486; x_wconf 84' lang='lat' dir='ltr'><strong>Aristotelem</strong></span> <span class='ocrx_word' id='word_1_70' title='bbox 2090 1436 2154 1486; x_wconf 88' lang='lat' dir='ltr'><strong>ut</strong></span> <span class='ocrx_word' id='word_1_71' title='bbox 2198 1429 2348 1486; x_wconf 88' lang='lat' dir='ltr'><strong>alias</strong></span> <span class='ocrx_word' id='word_1_72' title='bbox 2379 1425 2425 1505; x_wconf 85' lang='lat'><strong>1)</strong></span> <span class='ocrx_word' id='word_1_73' title='bbox 2475 1438 2728 1487; x_wconf 87' lang='lat' dir='ltr'><strong>secutus</strong></span> 
     </span>
     <span class='ocr_line' id='line_1_12' title="bbox 491 1526 2729 1608; baseline 0 -20"><span class='ocrx_word' id='word_1_74' title='bbox 491 1529 594 1607; x_wconf 83' lang='lat' dir='ltr'><strong>(cf.</strong></span> <span class='ocrx_word' id='word_1_75' title='bbox 655 1528 1074 1606; x_wconf 80' lang='lat' dir='ltr'><strong>Sengebusch.</strong></span> <span class='ocrx_word' id='word_1_76' title='bbox 1139 1527 1379 1588; x_wconf 81' lang='lat' dir='ltr'><strong>dissert.</strong></span> <span class='ocrx_word' id='word_1_77' title='bbox 1439 1531 1620 1588; x_wconf 90' lang='lat' dir='ltr'><strong>Hom.</strong></span> <span class='ocrx_word' id='word_1_78' title='bbox 1680 1531 1712 1587; x_wconf 96' lang='lat' dir='ltr'>I</span> <span class='ocrx_word' id='word_1_79' title='bbox 1769 1550 1829 1607; x_wconf 89' lang='lat' dir='ltr'><strong>p.</strong></span> <span class='ocrx_word' id='word_1_80' title='bbox 1889 1526 1981 1604; x_wconf 89' lang='grc'><strong>70)</strong></span> <span class='ocrx_word' id='word_1_81' title='bbox 2044 1528 2311 1587; x_wconf 89' lang='lat' dir='ltr'><strong>Iliadem</strong></span> <span class='ocrx_word' id='word_1_82' title='bbox 2369 1527 2729 1608; x_wconf 86' lang='lat' dir='ltr'><strong>Odysseam</strong></span> 
     </span>
     <span class='ocr_line' id='line_1_13' title="bbox 486 1630 2730 1710; baseline 0 -21"><span class='ocrx_word' id='word_1_83' title='bbox 486 1631 934 1710; x_wconf 87' lang='lat' dir='ltr'><strong>Margitamque</strong></span> <span class='ocrx_word' id='word_1_84' title='bbox 1000 1630 1210 1690; x_wconf 87' lang='lat' dir='ltr'><strong>tribuit</strong></span> <span class='ocrx_word' id='word_1_85' title='bbox 1263 1633 1533 1690; x_wconf 90' lang='lat' dir='ltr'><strong>Homero</strong></span> <span class='ocrx_word' id='word_1_86' title='bbox 1594 1650 1803 1709; x_wconf 88' lang='lat' dir='ltr'><strong>neque</strong></span> <span class='ocrx_word' id='word_1_87' title='bbox 1862 1631 2185 1709; x_wconf 85' lang='lat' dir='ltr'><strong>quicquam</strong></span> <span class='ocrx_word' id='word_1_88' title='bbox 2238 1632 2417 1689; x_wconf 90' lang='lat' dir='ltr'><strong>ultra.</strong></span> <span class='ocrx_word' id='word_1_89' title='bbox 2508 1651 2581 1689; x_wconf 87' lang='lat' dir='ltr'><strong>ac</strong></span> <span class='ocrx_word' id='word_1_90' title='bbox 2642 1632 2730 1690; x_wconf 90' lang='lat' dir='ltr'><strong>de</strong></span> 
     </span>
     <span class='ocr_line' id='line_1_14' title="bbox 487 1729 2729 1812; baseline 0 -22"><span class='ocrx_word' id='word_1_91' title='bbox 487 1733 751 1810; x_wconf 87' lang='lat' dir='ltr'><strong>Margita</strong></span> <span class='ocrx_word' id='word_1_92' title='bbox 797 1735 923 1811; x_wconf 86' lang='lat' dir='ltr'><strong>egit</strong></span> <span class='ocrx_word' id='word_1_93' title='bbox 966 1733 1031 1790; x_wconf 89' lang='lat' dir='ltr'><strong>in</strong></span> <span class='ocrx_word' id='word_1_94' title='bbox 1079 1729 1283 1812; x_wconf 85' lang='lat' dir='ltr'><strong>aliquo</strong></span> <span class='ocrx_word' id='word_1_95' title='bbox 1333 1735 1771 1810; x_wconf 87' lang='lat' dir='ltr'><strong>epigrammate</strong></span> <span class='ocrx_word' id='word_1_96' title='bbox 1818 1732 2177 1810; x_wconf 81' lang='lat' dir='ltr'><strong>deperditO,</strong></span> <span class='ocrx_word' id='word_1_97' title='bbox 2228 1731 2396 1811; x_wconf 71' lang='lat' dir='ltr'><strong>quOd</strong></span> <span class='ocrx_word' id='word_1_98' title='bbox 2442 1735 2729 1791; x_wconf 89' lang='lat' dir='ltr'><strong>testimo-</strong></span> 
     </span>
     <span class='ocr_line' id='line_1_15' title="bbox 487 1833 2726 1910; baseline 0.001 -18"><span class='ocrx_word' id='word_1_99' title='bbox 487 1836 589 1893; x_wconf 90' lang='lat' dir='ltr'><strong>nio</strong></span> <span class='ocrx_word' id='word_1_100' title='bbox 649 1842 891 1892; x_wconf 86' lang='lat' dir='ltr'><strong>constat</strong></span> <span class='ocrx_word' id='word_1_101' title='bbox 940 1833 1150 1892; x_wconf 88' lang='lat' dir='ltr'><strong>&#39;adhuc</strong></span> <span class='ocrx_word' id='word_1_102' title='bbox 1205 1835 1491 1910; x_wconf 87' lang='lat' dir='ltr'><strong>neglecto</strong></span> <span class='ocrx_word' id='word_1_103' title='bbox 1537 1835 1811 1892; x_wconf 88' lang='lat' dir='ltr'><strong>Eustrati</strong></span> <span class='ocrx_word' id='word_1_104' title='bbox 1869 1833 1947 1890; x_wconf 91' lang='lat' dir='ltr'><strong>ad</strong></span> <span class='ocrx_word' id='word_1_105' title='bbox 1995 1833 2251 1892; x_wconf 80' lang='lat' dir='ltr'><strong>Aristot.</strong></span> <span class='ocrx_word' id='word_1_106' title='bbox 2312 1834 2433 1891; x_wconf 89' lang='lat' dir='ltr'><strong>eth.</strong></span> <span class='ocrx_word' id='word_1_107' title='bbox 2480 1836 2726 1894; x_wconf 88' lang='lat' dir='ltr'><strong>Nicom.</strong></span> 
     </span>
     <span class='ocr_line' id='line_1_16' title="bbox 485 1925 2725 2012; baseline -0.002 -16"><span class='ocrx_word' id='word_1_108' title='bbox 485 1937 579 1996; x_wconf 91' lang='lat' dir='ltr'><strong>VI</strong></span> <span class='ocrx_word' id='word_1_109' title='bbox 622 1944 685 1998; x_wconf 86' lang='lat'><strong>7:</strong></span> <span class='ocrx_word' id='word_1_110' title='bbox 734 1927 988 2010; x_wconf 75' lang='grc' dir='ltr'><em>παράγει</em></span> <span class='ocrx_word' id='word_1_111' title='bbox 1034 1931 1088 1990; x_wconf 77' lang='grc' dir='ltr'><strong>δ’</strong></span> <span class='ocrx_word' id='word_1_112' title='bbox 1140 1932 1222 2003; x_wconf 81' lang='grc' dir='ltr'><strong>εἰς</strong></span> <span class='ocrx_word' id='word_1_113' title='bbox 1265 1935 1597 2011; x_wconf 80' lang='grc' dir='ltr'><strong><em>μαρτυρίαν</em></strong></span> <span class='ocrx_word' id='word_1_114' title='bbox 1622 1979 1633 1992; x_wconf 88' lang='grc'><strong>.</strong></span> <span class='ocrx_word' id='word_1_115' title='bbox 1668 1979 1679 1989; x_wconf 91' lang='grc'><strong>.</strong></span> <span class='ocrx_word' id='word_1_116' title='bbox 1706 1980 1758 1993; x_wconf 91' lang='grc'><strong>..</strong></span> <span class='ocrx_word' id='word_1_117' title='bbox 1798 1981 1809 1992; x_wconf 94' lang='grc'><strong>.</strong></span> <span class='ocrx_word' id='word_1_118' title='bbox 1844 1934 2083 2008; x_wconf 82' lang='grc' dir='ltr'><strong><em>ποίησιν</em></strong></span> <span class='ocrx_word' id='word_1_119' title='bbox 2119 1932 2537 2012; x_wconf 82' lang='grc' dir='ltr'><em>’Μαργίτην</em></span> <span class='ocrx_word' id='word_1_120' title='bbox 2584 1925 2725 1992; x_wconf 82' lang='grc' dir='ltr'><em>ὄνο-</em></span> 
     </span>
     <span class='ocr_line' id='line_1_17' title="bbox 486 2023 2727 2114; baseline 0.001 -22"><span class='ocrx_word' id='word_1_121' title='bbox 486 2031 818 2112; x_wconf 76' lang='grc' dir='ltr'><em>μαζομένην</em></span> <span class='ocrx_word' id='word_1_122' title='bbox 854 2024 1141 2112; x_wconf 80' lang='grc' dir='ltr'><em>Ὁμήρου·</em></span> <span class='ocrx_word' id='word_1_123' title='bbox 1187 2029 1545 2111; x_wconf 79' lang='grc' dir='ltr'><em>μνημονεύει</em></span> <span class='ocrx_word' id='word_1_124' title='bbox 1591 2027 1646 2092; x_wconf 82' lang='grc' dir='ltr'><strong>δ’</strong></span> <span class='ocrx_word' id='word_1_125' title='bbox 1682 2023 1867 2109; x_wconf 75' lang='grc' dir='ltr'><em>αὐτῆς</em></span> <span class='ocrx_word' id='word_1_126' title='bbox 1911 2026 1984 2093; x_wconf 77' lang='grc' dir='ltr'><strong>οὗ</strong></span> <span class='ocrx_word' id='word_1_127' title='bbox 2026 2029 2211 2111; x_wconf 90' lang='grc' dir='ltr'><em>μόνον</em></span> <span class='ocrx_word' id='word_1_128' title='bbox 2254 2025 2432 2107; x_wconf 78' lang='grc' dir='ltr'><em>αὐτὸς</em></span> <span class='ocrx_word' id='word_1_129' title='bbox 2453 2024 2727 2114; x_wconf 84' lang='grc' dir='ltr'><em>Ἀριστο-</em></span> 
     </span>
     <span class='ocr_line' id='line_1_18' title="bbox 485 2124 2732 2219; baseline 0 -24"><span class='ocrx_word' id='word_1_130' title='bbox 485 2135 652 2212; x_wconf 79' lang='grc' dir='ltr'><em>τέλης</em></span> <span class='ocrx_word' id='word_1_131' title='bbox 710 2133 774 2194; x_wconf 79' lang='grc' dir='ltr'><em>ἕν</em></span> <span class='ocrx_word' id='word_1_132' title='bbox 830 2138 917 2218; x_wconf 74' lang='grc' dir='ltr'><strong>τῷ</strong></span> <span class='ocrx_word' id='word_1_133' title='bbox 961 2131 1176 2219; x_wconf 80' lang='grc' dir='ltr'><em>πρώτῳ</em></span> <span class='ocrx_word' id='word_1_134' title='bbox 1237 2135 1374 2212; x_wconf 82' lang='grc' dir='ltr'><em>περὶ</em></span> <span class='ocrx_word' id='word_1_135' title='bbox 1435 2127 1813 2212; x_wconf 74' lang='grc' dir='ltr'><em>ποιημάτων,</em></span> <span class='ocrx_word' id='word_1_136' title='bbox 1879 2127 2027 2195; x_wconf 76' lang='grc' dir='ltr'><em>ἄλλα</em></span> <span class='ocrx_word' id='word_1_137' title='bbox 2087 2133 2187 2194; x_wconf 85' lang='grc' dir='ltr'><strong>καὶ</strong></span> <span class='ocrx_word' id='word_1_138' title='bbox 2225 2124 2559 2214; x_wconf 83' lang='grc' dir='ltr'><em>Ἀρχίλοχος</em></span> <span class='ocrx_word' id='word_1_139' title='bbox 2620 2136 2732 2196; x_wconf 83' lang='grc' dir='ltr'><strong>καὶ</strong></span> 
     </span>
     <span class='ocr_line' id='line_1_19' title="bbox 485 2229 2730 2316; baseline 0 -19"><span class='ocrx_word' id='word_1_140' title='bbox 485 2243 779 2316; x_wconf 82' lang='grc' dir='ltr'><em>Κρατῖνος</em></span> <span class='ocrx_word' id='word_1_141' title='bbox 837 2235 937 2296; x_wconf 83' lang='grc' dir='ltr'><strong>καὶ</strong></span> <span class='ocrx_word' id='word_1_142' title='bbox 994 2239 1465 2315; x_wconf 78' lang='grc' dir='ltr'><em>Καλλίμαχος</em></span> <span class='ocrx_word' id='word_1_143' title='bbox 1522 2235 1599 2296; x_wconf 76' lang='grc' dir='ltr'><em>ἐν</em></span> <span class='ocrx_word' id='word_1_144' title='bbox 1652 2242 1805 2308; x_wconf 82' lang='grc' dir='ltr'><em>τοῖς</em></span> <span class='ocrx_word' id='word_1_145' title='bbox 1864 2229 2431 2315; x_wconf 75' lang='grc' dir='ltr'><em>ἐπιγράμμασιν</em></span> <span class='ocrx_word' id='word_1_146' title='bbox 2473 2243 2730 2315; x_wconf 78' lang='grc' dir='ltr'><em>’μαρτυ-</em></span> 
     </span>
     <span class='ocr_line' id='line_1_20' title="bbox 488 2330 2729 2419; baseline 0.001 -23"><span class='ocrx_word' id='word_1_147' title='bbox 488 2341 694 2419; x_wconf 81' lang='grc' dir='ltr'><em>ροῦσιν</em></span> <span class='ocrx_word' id='word_1_148' title='bbox 712 2331 980 2417; x_wconf 82' lang='grc' dir='ltr'><em>Ὁμήρου</em></span> <span class='ocrx_word' id='word_1_149' title='bbox 1007 2334 1161 2398; x_wconf 83' lang='grc' dir='ltr'><em>εἶναι</em></span> <span class='ocrx_word' id='word_1_150' title='bbox 1202 2330 1266 2398; x_wconf 86' lang='grc' dir='ltr'>τὸ</span> <span class='ocrx_word' id='word_1_151' title='bbox 1313 2340 1554 2416; x_wconf 87' lang='grc' dir='ltr'><em>ποίημα.</em></span> <span class='ocrx_word' id='word_1_152' title='bbox 1624 2341 1703 2399; x_wconf 88' lang='lat' dir='ltr'><strong>ad</strong></span> <span class='ocrx_word' id='word_1_153' title='bbox 1749 2342 1865 2399; x_wconf 87' lang='lat' dir='ltr'><strong>hoc</strong></span> <span class='ocrx_word' id='word_1_154' title='bbox 1908 2341 2093 2417; x_wconf 89' lang='lat' dir='ltr'><strong>igitur</strong></span> <span class='ocrx_word' id='word_1_155' title='bbox 2138 2343 2512 2419; x_wconf 82' lang='lat' dir='ltr'><strong>epigramma</strong></span> <span class='ocrx_word' id='word_1_156' title='bbox 2540 2361 2729 2399; x_wconf 88' lang='lat' dir='ltr'><strong>revo-</strong></span> 
     </span>
     <span class='ocr_line' id='line_1_21' title="bbox 489 2439 2731 2521; baseline 0.001 -21"><span class='ocrx_word' id='word_1_157' title='bbox 489 2443 749 2501; x_wconf 87' lang='lat' dir='ltr'><strong>candum</strong></span> <span class='ocrx_word' id='word_1_158' title='bbox 797 2444 910 2500; x_wconf 88' lang='lat' dir='ltr'><strong>erit</strong></span> <span class='ocrx_word' id='word_1_159' title='bbox 941 2443 1298 2502; x_wconf 80' lang='lat' dir='ltr'><strong>Callimachi</strong></span> <span class='ocrx_word' id='word_1_160' title='bbox 1330 2444 1447 2521; x_wconf 71' lang='lat' dir='ltr'><strong>frgl</strong></span> <span class='ocrx_word' id='word_1_161' title='bbox 1479 2451 1581 2506; x_wconf 82' lang='lat'><strong>389</strong></span> <span class='ocrx_word' id='word_1_162' title='bbox 1606 2439 1657 2519; x_wconf 82' lang='grc'><strong>2)</strong></span> <span class='ocrx_word' id='word_1_163' title='bbox 1705 2442 1928 2500; x_wconf 90' lang='lat' dir='ltr'><strong>tabulis</strong></span> <span class='ocrx_word' id='word_1_164' title='bbox 1974 2443 2282 2500; x_wconf 87' lang='lat' dir='ltr'><strong>litterariis</strong></span> <span class='ocrx_word' id='word_1_165' title='bbox 2315 2454 2731 2520; x_wconf 86' lang='lat' dir='ltr'><strong>praepostere</strong></span> 
     </span>
     <span class='ocr_line' id='line_1_22' title="bbox 487 2529 2726 2628; baseline -0 -27"><span class='ocrx_word' id='word_1_166' title='bbox 487 2544 864 2604; x_wconf 89' lang='lat' dir='ltr'><strong>vindicatum</strong></span> <span class='ocrx_word' id='word_1_167' title='bbox 878 2539 950 2620; x_wconf 85' lang='lat'><strong>3),</strong></span> <span class='ocrx_word' id='word_1_168' title='bbox 987 2542 1151 2622; x_wconf 78' lang='lat' dir='ltr'><strong>q&#39;uod</strong></span> <span class='ocrx_word' id='word_1_169' title='bbox 1186 2553 1277 2603; x_wconf 91' lang='lat' dir='ltr'><strong>est</strong></span> <span class='ocrx_word' id='word_1_170' title='bbox 1309 2529 1474 2623; x_wconf 72' lang='lat' dir='ltr'><strong>apud</strong></span> <span class='ocrx_word' id='word_1_171' title='bbox 1504 2545 2061 2622; x_wconf 88' lang='lat' dir='ltr'><strong>Harpocrationem</strong></span> <span class='ocrx_word' id='word_1_172' title='bbox 2084 2563 2133 2603; x_wconf 73' lang='lat' dir='ltr'><strong>S.</strong></span> <span class='ocrx_word' id='word_1_173' title='bbox 2157 2564 2216 2601; x_wconf 88' lang='lat' dir='ltr'><strong>v.</strong></span> <span class='ocrx_word' id='word_1_174' title='bbox 2253 2539 2615 2628; x_wconf 78' lang='grc' dir='ltr'><em>Μαργίτης..</em></span> <span class='ocrx_word' id='word_1_175' title='bbox 2638 2590 2653 2603; x_wconf 89' lang='grc'><strong>.</strong></span> <span class='ocrx_word' id='word_1_176' title='bbox 2675 2591 2689 2603; x_wconf 94' lang='grc'><strong>.</strong></span> <span class='ocrx_word' id='word_1_177' title='bbox 2714 2590 2726 2600; x_wconf 92' lang='grc'><strong>.</strong></span> 
     </span>
     <span class='ocr_line' id='line_1_23' title="bbox 487 2632 2734 2722; baseline 0 -20"><span class='ocrx_word' id='word_1_178' title='bbox 487 2640 740 2703; x_wconf 77' lang='grc' dir='ltr'><em>ἐκάλουν</em></span> <span class='ocrx_word' id='word_1_179' title='bbox 783 2641 845 2703; x_wconf 79' lang='grc' dir='ltr'><strong>δὲ</strong></span> <span class='ocrx_word' id='word_1_180' title='bbox 888 2635 1026 2715; x_wconf 70' lang='grc' dir='ltr'><em>τοὺς</em></span> <span class='ocrx_word' id='word_1_181' title='bbox 1069 2632 1360 2717; x_wconf 68' lang='grc' dir='ltr'><em>ἀνοήτους</em></span> <span class='ocrx_word' id='word_1_182' title='bbox 1404 2637 1560 2704; x_wconf 70' lang='grc' dir='ltr'><em>οὕτω</em></span> <span class='ocrx_word' id='word_1_183' title='bbox 1605 2635 1704 2703; x_wconf 70' lang='grc' dir='ltr'><strong>διὰ</strong></span> <span class='ocrx_word' id='word_1_184' title='bbox 1748 2635 1853 2703; x_wconf 77' lang='grc' dir='ltr'><em>τὸν</em></span> <span class='ocrx_word' id='word_1_185' title='bbox 1880 2637 2245 2722; x_wconf 75' lang='grc' dir='ltr'><em>εἰς“ομηρον</em></span> <span class='ocrx_word' id='word_1_186' title='bbox 2271 2635 2734 2719; x_wconf 78' lang='grc' dir='ltr'><em>ἀναφερόμενον</em></span> 
     </span>
     <span class='ocr_line' id='line_1_24' title="bbox 488 2737 2731 2825; baseline 0.001 -21"><span class='ocrx_word' id='word_1_187' title='bbox 488 2746 838 2823; x_wconf 83' lang='grc' dir='ltr'><em>Μαργίτην,</em></span> <span class='ocrx_word' id='word_1_188' title='bbox 882 2737 1023 2822; x_wconf 70' lang='grc' dir='ltr'><em>ὅπερ</em></span> <span class='ocrx_word' id='word_1_189' title='bbox 1067 2745 1293 2822; x_wconf 88' lang='grc' dir='ltr'><em>ποίημα</em></span> <span class='ocrx_word' id='word_1_190' title='bbox 1337 2747 1705 2824; x_wconf 78' lang='grc' dir='ltr'><em>Καλλίμαχος</em></span> <span class='ocrx_word' id='word_1_191' title='bbox 1749 2738 2078 2822; x_wconf 76' lang='grc' dir='ltr'><em>θαυμάζειν</em></span> <span class='ocrx_word' id='word_1_192' title='bbox 2124 2743 2334 2804; x_wconf 73' lang='grc' dir='ltr'><em>ἔοικεν.</em></span> <span class='ocrx_word' id='word_1_193' title='bbox 2412 2747 2559 2825; x_wconf 86' lang='lat' dir='ltr'><strong>quid</strong></span> <span class='ocrx_word' id='word_1_194' title='bbox 2608 2749 2731 2824; x_wconf 89' lang='lat' dir='ltr'><strong>igi-</strong></span> 
     </span>
     <span class='ocr_line' id='line_1_25' title="bbox 487 2849 2731 2927; baseline 0 -21"><span class='ocrx_word' id='word_1_195' title='bbox 487 2857 581 2906; x_wconf 89' lang='lat' dir='ltr'><strong>tur</strong></span> <span class='ocrx_word' id='word_1_196' title='bbox 620 2849 737 2907; x_wconf 91' lang='lat' dir='ltr'><strong>hoc</strong></span> <span class='ocrx_word' id='word_1_197' title='bbox 769 2869 904 2907; x_wconf 89' lang='lat' dir='ltr'><strong>esse</strong></span> <span class='ocrx_word' id='word_1_198' title='bbox 939 2849 1135 2921; x_wconf 82' lang='lat' dir='ltr'><strong>diceS‚</strong></span> <span class='ocrx_word' id='word_1_199' title='bbox 1187 2850 1351 2927; x_wconf 90' lang='lat' dir='ltr'><strong>quod</strong></span> <span class='ocrx_word' id='word_1_200' title='bbox 1398 2872 1525 2908; x_wconf 91' lang='lat' dir='ltr'><strong>non</strong></span> <span class='ocrx_word' id='word_1_201' title='bbox 1571 2852 1769 2908; x_wconf 84' lang='lat' dir='ltr'><strong>minus</strong></span> <span class='ocrx_word' id='word_1_202' title='bbox 1816 2849 2149 2926; x_wconf 89' lang='lat' dir='ltr'><strong>ancipitem</strong></span> <span class='ocrx_word' id='word_1_203' title='bbox 2192 2857 2529 2906; x_wconf 88' lang='lat' dir='ltr'><strong>tenuerunt</strong></span> <span class='ocrx_word' id='word_1_204' title='bbox 2558 2850 2731 2907; x_wconf 89' lang='lat' dir='ltr'><strong>Har-</strong></span> 
     </span>
     <span class='ocr_line' id='line_1_26' title="bbox 487 2949 2729 3029; baseline 0.001 -23"><span class='ocrx_word' id='word_1_205' title='bbox 487 2951 905 3027; x_wconf 88' lang='lat' dir='ltr'><strong>pocrationem</strong></span> <span class='ocrx_word' id='word_1_206' title='bbox 951 2949 1282 3026; x_wconf 87' lang='lat' dir='ltr'><strong>Margitae‚</strong></span> <span class='ocrx_word' id='word_1_207' title='bbox 1345 2971 1526 3029; x_wconf 90' lang='lat' dir='ltr'><strong>quam</strong></span> <span class='ocrx_word' id='word_1_208' title='bbox 1569 2952 1963 3010; x_wconf 90' lang='lat' dir='ltr'><strong>Welckerum</strong></span> <span class='ocrx_word' id='word_1_209' title='bbox 2009 2949 2345 3009; x_wconf 89' lang='lat' dir='ltr'><strong>Oechaliae</strong></span> <span class='ocrx_word' id='word_1_210' title='bbox 2400 2970 2729 3028; x_wconf 86' lang='lat' dir='ltr'><strong>expugna-</strong></span> 
     </span>
     <span class='ocr_line' id='line_1_27' title="bbox 485 3050 2727 3131; baseline 0.001 -23"><span class='ocrx_word' id='word_1_211' title='bbox 485 3052 668 3108; x_wconf 85' lang='lat' dir='ltr'><strong>tionis</strong></span> <span class='ocrx_word' id='word_1_212' title='bbox 715 3050 972 3108; x_wconf 81' lang='lat' dir='ltr'><strong>laudes‘?</strong></span> <span class='ocrx_word' id='word_1_213' title='bbox 1037 3052 1264 3109; x_wconf 87' lang='lat' dir='ltr'><strong>etenim</strong></span> <span class='ocrx_word' id='word_1_214' title='bbox 1309 3072 1390 3109; x_wconf 90' lang='lat' dir='ltr'><strong>nc</strong></span> <span class='ocrx_word' id='word_1_215' title='bbox 1434 3053 1840 3130; x_wconf 89' lang='lat' dir='ltr'><strong>Harpocratio</strong></span> <span class='ocrx_word' id='word_1_216' title='bbox 1891 3053 2165 3131; x_wconf 86' lang='lat' dir='ltr'><strong>quidem,</strong></span> <span class='ocrx_word' id='word_1_217' title='bbox 2226 3061 2435 3110; x_wconf 89' lang='lat' dir='ltr'><strong>auctor</strong></span> <span class='ocrx_word' id='word_1_218' title='bbox 2490 3055 2727 3129; x_wconf 87' lang='lat' dir='ltr'><strong>gravis,</strong></span> 
     </span>
     <span class='ocr_line' id='line_1_28' title="bbox 487 3151 2731 3212; baseline 0.001 -2"><span class='ocrx_word' id='word_1_219' title='bbox 487 3153 622 3211; x_wconf 87' lang='lat' dir='ltr'><strong>sine</strong></span> <span class='ocrx_word' id='word_1_220' title='bbox 669 3152 966 3210; x_wconf 87' lang='lat' dir='ltr'><strong>cautionis</strong></span> <span class='ocrx_word' id='word_1_221' title='bbox 1013 3172 1084 3209; x_wconf 91' lang='lat' dir='ltr'><strong>ac</strong></span> <span class='ocrx_word' id='word_1_222' title='bbox 1131 3151 1519 3211; x_wconf 87' lang='lat' dir='ltr'><strong>diffidentiae</strong></span> <span class='ocrx_word' id='word_1_223' title='bbox 1566 3163 1715 3212; x_wconf 89' lang='lat' dir='ltr'><strong>nota</strong></span> <span class='ocrx_word' id='word_1_224' title='bbox 1759 3154 1949 3212; x_wconf 87' lang='lat' dir='ltr'><strong>refert</strong></span> <span class='ocrx_word' id='word_1_225' title='bbox 1997 3152 2075 3211; x_wconf 87' lang='lat' dir='ltr'><strong>de</strong></span> <span class='ocrx_word' id='word_1_226' title='bbox 2123 3152 2480 3212; x_wconf 84' lang='lat' dir='ltr'><strong>Callimachi</strong></span> <span class='ocrx_word' id='word_1_227' title='bbox 2526 3155 2731 3212; x_wconf 89' lang='lat' dir='ltr'><strong>admi-</strong></span> 
     </span>
     <span class='ocr_line' id='line_1_29' title="bbox 484 3253 2727 3333; baseline 0.002 -23"><span class='ocrx_word' id='word_1_228' title='bbox 484 3253 726 3312; x_wconf 64' lang='lat' dir='ltr'><strong>ratione</strong></span> <span class='ocrx_word' id='word_1_229' title='bbox 771 3254 1092 3330; x_wconf 84' lang='lat' dir='ltr'><strong>Margitae.</strong></span> <span class='ocrx_word' id='word_1_230' title='bbox 1181 3253 1248 3312; x_wconf 91' lang='lat' dir='ltr'><strong>id</strong></span> <span class='ocrx_word' id='word_1_231' title='bbox 1294 3255 1345 3312; x_wconf 88' lang='lat' dir='ltr'><strong>si</strong></span> <span class='ocrx_word' id='word_1_232' title='bbox 1391 3255 1470 3313; x_wconf 93' lang='lat' dir='ltr'><strong>ad</strong></span> <span class='ocrx_word' id='word_1_233' title='bbox 1516 3256 1713 3333; x_wconf 82' lang='lat' dir='ltr'><strong>ipsam</strong></span> <span class='ocrx_word' id='word_1_234' title='bbox 1770 3254 1969 3313; x_wconf 89' lang='lat' dir='ltr'><strong>laudis</strong></span> <span class='ocrx_word' id='word_1_235' title='bbox 2030 3254 2487 3331; x_wconf 85' lang='lat' dir='ltr'><strong>ambiguitatem</strong></span> <span class='ocrx_word' id='word_1_236' title='bbox 2531 3256 2727 3330; x_wconf 87' lang='lat' dir='ltr'><strong>redit,</strong></span> 
     </span>
     <span class='ocr_line' id='line_1_30' title="bbox 489 3353 2732 3434; baseline 0.002 -23"><span class='ocrx_word' id='word_1_237' title='bbox 489 3353 653 3433; x_wconf 91' lang='lat' dir='ltr'><strong>quod</strong></span> <span class='ocrx_word' id='word_1_238' title='bbox 700 3375 879 3432; x_wconf 84' lang='lat' dir='ltr'><strong>quam</strong></span> <span class='ocrx_word' id='word_1_239' title='bbox 925 3355 1182 3413; x_wconf 87' lang='lat' dir='ltr'><strong>maxime</strong></span> <span class='ocrx_word' id='word_1_240' title='bbox 1228 3355 1475 3413; x_wconf 82' lang='lat' dir='ltr'><strong>videtur</strong></span> <span class='ocrx_word' id='word_1_241' title='bbox 1520 3355 1862 3433; x_wconf 85' lang='lat' dir='ltr'><strong>probabile,</strong></span> <span class='ocrx_word' id='word_1_242' title='bbox 1908 3357 2025 3414; x_wconf 89' lang='lat' dir='ltr'><strong>hoc</strong></span> <span class='ocrx_word' id='word_1_243' title='bbox 2072 3355 2321 3434; x_wconf 85' lang='lat' dir='ltr'><strong>quidem</strong></span> <span class='ocrx_word' id='word_1_244' title='bbox 2366 3355 2732 3415; x_wconf 87' lang='lat' dir='ltr'><strong>conceden-</strong></span> 
     </span>
     <span class='ocr_line' id='line_1_31' title="bbox 443 3455 2733 3536; baseline 0.003 -24"><span class='ocrx_word' id='word_1_245' title='bbox 443 3469 448 3474; x_wconf 88' lang='grc'>·</span> <span class='ocrx_word' id='word_1_246' title='bbox 489 3455 629 3513; x_wconf 90' lang='lat' dir='ltr'><strong>dum</strong></span> <span class='ocrx_word' id='word_1_247' title='bbox 677 3457 817 3528; x_wconf 90' lang='lat' dir='ltr'><strong>erit,</strong></span> <span class='ocrx_word' id='word_1_248' title='bbox 866 3459 1301 3534; x_wconf 88' lang='lat' dir='ltr'><strong>pereleganter</strong></span> <span class='ocrx_word' id='word_1_249' title='bbox 1332 3465 1519 3536; x_wconf 82' lang='lat' dir='ltr'><strong>atque</strong></span> <span class='ocrx_word' id='word_1_250' title='bbox 1556 3456 1792 3517; x_wconf 86' lang='lat' dir='ltr'><strong>erudite</strong></span> <span class='ocrx_word' id='word_1_251' title='bbox 1826 3459 2025 3534; x_wconf 87' lang='lat' dir='ltr'><strong>egisse</strong></span> <span class='ocrx_word' id='word_1_252' title='bbox 2060 3458 2497 3536; x_wconf 87' lang='lat' dir='ltr'><strong>Cyrenensem,</strong></span> <span class='ocrx_word' id='word_1_253' title='bbox 2548 3460 2733 3536; x_wconf 87' lang='lat' dir='ltr'><strong>quod</strong></span> 
     </span>
     <span class='ocr_line' id='line_1_32' title="bbox 485 3556 2731 3637; baseline 0.003 -24"><span class='ocrx_word' id='word_1_254' title='bbox 485 3559 549 3614; x_wconf 91' lang='lat' dir='ltr'><strong>in</strong></span> <span class='ocrx_word' id='word_1_255' title='bbox 595 3556 688 3614; x_wconf 87' lang='lat' dir='ltr'><strong>his</strong></span> <span class='ocrx_word' id='word_1_256' title='bbox 733 3557 954 3630; x_wconf 89' lang='lat' dir='ltr'><strong>titulis,</strong></span> <span class='ocrx_word' id='word_1_257' title='bbox 1003 3557 1222 3636; x_wconf 83' lang='lat' dir='ltr'><strong>quibus</strong></span> <span class='ocrx_word' id='word_1_258' title='bbox 1267 3558 1556 3617; x_wconf 86' lang='lat' dir='ltr'><strong>librorum</strong></span> <span class='ocrx_word' id='word_1_259' title='bbox 1601 3567 1959 3636; x_wconf 89' lang='lat' dir='ltr'><strong>argumenta</strong></span> <span class='ocrx_word' id='word_1_260' title='bbox 2007 3567 2341 3635; x_wconf 86' lang='lat' dir='ltr'><strong>et.gencra</strong></span> <span class='ocrx_word' id='word_1_261' title='bbox 2374 3580 2553 3637; x_wconf 87' lang='lat' dir='ltr'><strong>quam</strong></span> <span class='ocrx_word' id='word_1_262' title='bbox 2582 3561 2731 3619; x_wconf 91' lang='lat' dir='ltr'><strong>fieri</strong></span> 
     </span>
     <span class='ocr_line' id='line_1_33' title="bbox 485 3657 2731 3738; baseline 0.001 -23"><span class='ocrx_word' id='word_1_263' title='bbox 485 3665 728 3736; x_wconf 87' lang='lat' dir='ltr'><strong>poterat</strong></span> <span class='ocrx_word' id='word_1_264' title='bbox 771 3657 1129 3716; x_wconf 85' lang='lat' dir='ltr'><strong>brevissime</strong></span> <span class='ocrx_word' id='word_1_265' title='bbox 1179 3668 1352 3717; x_wconf 85' lang='lat' dir='ltr'><strong>crant</strong></span> <span class='ocrx_word' id='word_1_266' title='bbox 1401 3659 1835 3732; x_wconf 86' lang='lat' dir='ltr'><strong>describenda,</strong></span> <span class='ocrx_word' id='word_1_267' title='bbox 1900 3661 2233 3738; x_wconf 87' lang='lat' dir='ltr'><strong>spreverit</strong></span> <span class='ocrx_word' id='word_1_268' title='bbox 2248 3659 2579 3738; x_wconf 87' lang='lat' dir='ltr'><strong>pinguibus</strong></span> <span class='ocrx_word' id='word_1_269' title='bbox 2627 3663 2731 3718; x_wconf 90' lang='lat' dir='ltr'><strong>vi-</strong></span> 
     </span>
     <span class='ocr_line' id='line_1_34' title="bbox 483 3759 2729 3837; baseline 0.002 -20"><span class='ocrx_word' id='word_1_270' title='bbox 483 3759 740 3837; x_wconf 86' lang='lat' dir='ltr'><strong>tuperiis</strong></span> <span class='ocrx_word' id='word_1_271' title='bbox 772 3760 835 3817; x_wconf 93' lang='lat' dir='ltr'><strong>in</strong></span> <span class='ocrx_word' id='word_1_272' title='bbox 868 3767 1115 3836; x_wconf 85' lang='lat' dir='ltr'><strong>poetam</strong></span> <span class='ocrx_word' id='word_1_273' title='bbox 1143 3761 1357 3819; x_wconf 88' lang='lat' dir='ltr'><strong>invehi</strong></span> <span class='ocrx_word' id='word_1_274' title='bbox 1403 3763 1669 3819; x_wconf 88' lang='lat' dir='ltr'><strong>omnium</strong></span> <span class='ocrx_word' id='word_1_275' title='bbox 1713 3763 2120 3820; x_wconf 87' lang='lat' dir='ltr'><strong>veneratione</strong></span> <span class='ocrx_word' id='word_1_276' title='bbox 2166 3763 2495 3834; x_wconf 87' lang='lat' dir='ltr'><strong>sancitum,</strong></span> <span class='ocrx_word' id='word_1_277' title='bbox 2548 3761 2729 3821; x_wconf 83' lang='lat' dir='ltr'><strong>dele-</strong></span> 
     </span>
    </p>
   </div>
   <div class='ocr_carea' id='block_1_3' title="bbox 485 3887 890 3894">
    <p class='ocr_par' dir='ltr' id='par_1_5' title="bbox 485 3887 890 3894">
     <span class='ocr_line' id='line_1_35' title="bbox 485 3887 890 3894; baseline 0 1098"><span class='ocrx_word' id='word_1_278' title='bbox 485 3887 890 3894; x_wconf 95' lang='lat' dir='ltr'><strong> </strong></span> 
     </span>
    </p>
   </div>
   <div class='ocr_carea' id='block_1_4' title="bbox 484 3959 2731 4360">
    <p class='ocr_par' dir='ltr' id='par_1_6' title="bbox 488 3959 2729 4110">
     <span class='ocr_line' id='line_1_36' title="bbox 620 3959 2729 4028; baseline 0.002 -19"><span class='ocrx_word' id='word_1_279' title='bbox 620 3959 658 4022; x_wconf 83' lang='lat'><strong>1)</strong></span> <span class='ocrx_word' id='word_1_280' title='bbox 701 3960 773 4009; x_wconf 90' lang='lat' dir='ltr'><strong>cf.</strong></span> <span class='ocrx_word' id='word_1_281' title='bbox 811 3959 1303 4025; x_wconf 84' lang='lat' dir='ltr'><strong>Schneidewinum‚</strong></span> <span class='ocrx_word' id='word_1_282' title='bbox 1341 3962 1624 4013; x_wconf 90' lang='lat' dir='ltr'><strong>Heraclid.</strong></span> <span class='ocrx_word' id='word_1_283' title='bbox 1661 3963 1815 4026; x_wconf 89' lang='lat' dir='ltr'><strong>polit.</strong></span> <span class='ocrx_word' id='word_1_284' title='bbox 1854 3980 1905 4028; x_wconf 89' lang='lat' dir='ltr'><strong>p.</strong></span> <span class='ocrx_word' id='word_1_285' title='bbox 1933 3965 2015 4023; x_wconf 84' lang='grc'><strong>67,</strong></span> <span class='ocrx_word' id='word_1_286' title='bbox 2056 3962 2120 4013; x_wconf 93' lang='grc' dir='ltr'><strong>Ο.</strong></span> <span class='ocrx_word' id='word_1_287' title='bbox 2162 3961 2554 4013; x_wconf 84' lang='lat' dir='ltr'><strong>Schneidcrum</strong></span> <span class='ocrx_word' id='word_1_288' title='bbox 2594 3979 2729 4027; x_wconf 88' lang='lat' dir='ltr'><strong>pro—</strong></span> 
     </span>
     <span class='ocr_line' id='line_1_37' title="bbox 488 4043 1310 4110; baseline 0.006 -19"><span class='ocrx_word' id='word_1_289' title='bbox 488 4043 634 4107; x_wconf 83' lang='lat' dir='ltr'><strong>legg.</strong></span> <span class='ocrx_word' id='word_1_290' title='bbox 673 4045 730 4093; x_wconf 92' lang='lat' dir='ltr'><strong>in</strong></span> <span class='ocrx_word' id='word_1_291' title='bbox 769 4043 983 4098; x_wconf 86' lang='lat' dir='ltr'><strong>Gallim.</strong></span> <span class='ocrx_word' id='word_1_292' title='bbox 1025 4050 1135 4095; x_wconf 88' lang='lat' dir='ltr'><strong>aet.</strong></span> <span class='ocrx_word' id='word_1_293' title='bbox 1171 4063 1225 4110; x_wconf 93' lang='lat' dir='ltr'><strong>p.</strong></span> <span class='ocrx_word' id='word_1_294' title='bbox 1263 4049 1310 4096; x_wconf 80' lang='grc'><strong>9.</strong></span> 
     </span>
    </p>

    <p class='ocr_par' dir='ltr' id='par_1_7' title="bbox 619 4124 1937 4196">
     <span class='ocr_line' id='line_1_38' title="bbox 619 4124 1937 4196; baseline 0.005 -21"><span class='ocrx_word' id='word_1_295' title='bbox 619 4124 660 4188; x_wconf 82' lang='lat'><strong>²)</strong></span> <span class='ocrx_word' id='word_1_296' title='bbox 700 4127 786 4177; x_wconf 84' lang='lat' dir='ltr'><strong>Cf.</strong></span> <span class='ocrx_word' id='word_1_297' title='bbox 826 4129 1176 4180; x_wconf 86' lang='lat' dir='ltr'><strong>Welckcrum</strong></span> <span class='ocrx_word' id='word_1_298' title='bbox 1213 4130 1290 4181; x_wconf 90' lang='lat' dir='ltr'><strong>kl.</strong></span> <span class='ocrx_word' id='word_1_299' title='bbox 1332 4129 1485 4180; x_wconf 86' lang='lat' dir='ltr'><strong>Schr.</strong></span> <span class='ocrx_word' id='word_1_300' title='bbox 1524 4132 1600 4180; x_wconf 92' lang='lat' dir='ltr'><strong>IV</strong></span> <span class='ocrx_word' id='word_1_301' title='bbox 1636 4149 1686 4196; x_wconf 86' lang='lat' dir='ltr'><strong>p.</strong></span> <span class='ocrx_word' id='word_1_302' title='bbox 1726 4135 1755 4182; x_wconf 83' lang='lat'><strong>7</strong></span> <span class='ocrx_word' id='word_1_303' title='bbox 1794 4148 1845 4181; x_wconf 91' lang='lat' dir='ltr'><strong>n.</strong></span> <span class='ocrx_word' id='word_1_304' title='bbox 1930 4151 1937 4158; x_wconf 87' lang='lat'>·</span> 
     </span>
    </p>

    <p class='ocr_par' dir='ltr' id='par_1_8' title="bbox 484 4209 2731 4360">
     <span class='ocr_line' id='line_1_39' title="bbox 617 4209 2731 4281; baseline 0.004 -22"><span class='ocrx_word' id='word_1_305' title='bbox 617 4209 660 4272; x_wconf 80' lang='lat'><strong>³)</strong></span> <span class='ocrx_word' id='word_1_306' title='bbox 697 4211 759 4260; x_wconf 88' lang='lat' dir='ltr'><strong>V.</strong></span> <span class='ocrx_word' id='word_1_307' title='bbox 788 4213 1167 4262; x_wconf 87' lang='lat' dir='ltr'><strong>Ruhnkenium</strong></span> <span class='ocrx_word' id='word_1_308' title='bbox 1198 4215 1266 4262; x_wconf 85' lang='lat' dir='ltr'><strong>ad</strong></span> <span class='ocrx_word' id='word_1_309' title='bbox 1292 4213 1509 4271; x_wconf 82' lang='lat' dir='ltr'><strong>callim.</strong></span> <span class='ocrx_word' id='word_1_310' title='bbox 1549 4233 1599 4280; x_wconf 92' lang='lat' dir='ltr'><strong>p.</strong></span> <span class='ocrx_word' id='word_1_311' title='bbox 1626 4217 1727 4264; x_wconf 81' lang='lat'><strong>440</strong></span> <span class='ocrx_word' id='word_1_312' title='bbox 1752 4217 1880 4264; x_wconf 83' lang='lat' dir='ltr'><strong>Em.</strong></span> <span class='ocrx_word' id='word_1_313' title='bbox 1910 4221 1965 4266; x_wconf 89' lang='lat' dir='ltr'><strong>et</strong></span> <span class='ocrx_word' id='word_1_314' title='bbox 2000 4217 2070 4265; x_wconf 88' lang='lat' dir='ltr'><strong>ad</strong></span> <span class='ocrx_word' id='word_1_315' title='bbox 2106 4217 2207 4281; x_wconf 84' lang='lat' dir='ltr'><strong>frg.</strong></span> <span class='ocrx_word' id='word_1_316' title='bbox 2234 4218 2349 4277; x_wconf 82' lang='lat'>389,</span> <span class='ocrx_word' id='word_1_317' title='bbox 2392 4215 2453 4268; x_wconf 84' lang='lat' dir='ltr'><strong>C.</strong></span> <span class='ocrx_word' id='word_1_318' title='bbox 2480 4215 2731 4267; x_wconf 85' lang='lat' dir='ltr'><strong>Wachs-</strong></span> 
     </span>
     <span class='ocr_line' id='line_1_40' title="bbox 484 4295 1396 4360; baseline 0.003 -17"><span class='ocrx_word' id='word_1_319' title='bbox 484 4295 746 4344; x_wconf 89' lang='lat' dir='ltr'><strong>muthium</strong></span> <span class='ocrx_word' id='word_1_320' title='bbox 785 4295 968 4359; x_wconf 86' lang='lat' dir='ltr'><strong>phil-01.</strong></span> <span class='ocrx_word' id='word_1_321' title='bbox 1007 4298 1156 4345; x_wconf 91' lang='lat' dir='ltr'><strong>XVI.</strong></span> <span class='ocrx_word' id='word_1_322' title='bbox 1193 4314 1243 4360; x_wconf 88' lang='lat' dir='ltr'><strong>p.</strong></span> <span class='ocrx_word' id='word_1_323' title='bbox 1283 4299 1396 4346; x_wconf 84' lang='grc'><strong>660.</strong></span> 
     </span>
    </p>
   </div>
  </div>
 </body>
</html>
