2917 4992
1422 328 1837 392 -18-

797 494 1092 584 ’Όβριμον
1133 489 1444 576 ἆκαμοὶτου
1487 500 1684 577 στίχον
1727 497 1970 558 αἴνεσον
2007 489 2413 575 Ἀντιμάχοιο,

898 595 1068 676 ἄξιον
1109 591 1374 682 ἀρχαίων
1417 594 1647 680 ὀφρύος
1688 593 1993 680 ἡμνθέων,
2486 641 2515 657 -

819 702 1118 784 Πιερίδων
1163 693 1484 782 χαλκευτόν
1526 691 1618 762 ἐπ’
1666 692 1957 779 ἅκμοσιν,
2002 699 2057 762 εἰ
2095 691 2270 780 τορὸν
2312 682 2459 772 οὖας

901 804 1163 884 ἕλλαχες,
1208 803 1263 866 εἰ
1302 805 1499 877 ζαλοῖς
1540 796 1650 862 τάν
1692 794 2015 884 ἀγέλαστον
2054 824 2207 879 οπα,

816 906 871 968 εἰ
910 898 1019 966 τᾶν
1062 899 1347 986 ἅτριπτον
1391 902 1495 966 καὶ
1538 893 1870 985 ἀνέμβατον
1914 893 2181 984 ἆτραπὸν
2222 893 2423 976 ἄλλοις

897 1007 1118 1132 μαίεαι.
1175 1006 1232 1069 εἰ
1272 996 1326 1065 δ’
1375 999 1584 1087 ὕμνων
1624 1007 1929 1086 σκᾶπτρον
1954 993 2213 1084 Ὅμηρος
2258 1001 2371 1084 ἔχει
2386 1047 2405 1080 ,

813 1133 917 1170 και
961 1104 1114 1182 Ζευς
1154 1129 1244 1169 τοι
1289 1106 1550 1188 κρέσσων
1582 1095 2038 1186 Ἐνοσίχθονος·
2084 1098 2213 1165 ἀλλ’
2252 1095 2623 1184 Ἐνοσίχθων

898 1211 1006 1271 τοῦ
1048 1205 1159 1291 μὲν
1202 1209 1319 1286 ἔφυ
1362 1209 1576 1290 μείων,
1621 1201 1950 1270 ἀθανάτων
1998 1201 2055 1267 δ’
2105 1200 2328 1280 ὕπατος

815 1309 918 1373 καὶ
964 1303 1180 1390 ναετήρ
1226 1311 1590 1389 Κολοφῶνος
1630 1299 1985 1384 ὖπέζευκται
2025 1305 2135 1389 μὲν
2171 1300 2439 1394 Ὁμήρῳ,

897 1403 1125 1494 ἁγεῖται
1171 1407 1225 1472 δ’
1275 1407 1471 1474 ἄλλων
1510 1407 1775 1487 πλάθεος
1817 1403 2193 1493 ὖμνοπόλων.

508 1568 827 1632 Laudibus
871 1568 1205 1648 Antipater
1247 1588 1386 1628 eum
1442 1569 1635 1641 tollit,
1694 1586 1877 1648 quem
1930 1565 2265 1646 spernebat
2310 1563 2754 1627 Callimachus„

510 1692 654 1731 nam
681 1671 934 1732 Proclus
978 1672 1046 1730 in
1083 1680 1406 1731 comment.
1440 1669 1519 1730 ad
1551 1671 1711 1730 Plat.
1747 1671 1908 1730 Tim.
1941 1669 1976 1728 I
2004 1687 2068 1748 p.
2100 1676 2169 1729 28
2192 1689 2253 1726 c:
2300 1664 2465 1743 εἴπερ
2511 1656 2631 1743 γάρ
2662 1687 2753 1737 τις

507 1763 683 1842 ἄλλος
726 1767 829 1829 καὶ
885 1771 1150 1847 ποιητῶν
1203 1761 1438 1848 ἄριστος
1482 1761 1689 1848 κριτὴς
1732 1760 1765 1828 ὅ
1812 1762 2103 1843 Πλάτων,
2160 1757 2241 1838 ὧς
2296 1763 2397 1825 καὶ
2443 1770 2755 1844 Λογγῖνος

510 1871 876 1947 συνίστησιν.
929 1861 1314 1949 Ἡρακλείδης
1356 1871 1507 1948 γοῦν
1551 1861 1584 1928 ὃ
1631 1862 1930 1940 Ποντικός
1972 1886 2188 1946 φησιν,
2231 1859 2327 1927 ὅτι
2370 1867 2491 1927 τῶν
2534 1867 2753 1945 Χοιρί-
2784 1863 2791 1870 ’

512 1977 617 2032 λου
670 1970 801 2032 τότε
843 1961 1332 2048 ζεῦδοκιμοῦντων
1393 1963 1651 2030 Πλάτων
1705 1959 1777 2030 τὰ
1814 1961 2167 2049 Ἀντιμάχου
2225 1961 2587 2048 προυτίμησε
2644 1967 2749 2028 καὶ

511 2065 694 2134 αὐτὸν
737 2069 928 2132 ἔπεισε
969 2062 1076 2130 τὸν
1099 2064 1489 2154 Ἡρακλείδην
1534 2071 1615 2145 εἰς
1660 2072 1995 2148 Κολοφῶνα
2040 2062 2295 2130 ἐλθόντα
2337 2061 2411 2130 τὰ
2443 2065 2753 2148 ποιήματα

509 2172 774 2248 συλλέξαι
803 2174 912 2232 τοῦ
943 2164 1192 2254 ἀνδρός·
1237 2172 1430 2251 μάτην
1472 2158 1582 2234 οὖν
1626 2173 2009 2251 φληναφοῦσι
2041 2174 2415 2250 Καλλίμαχος
2448 2169 2550 2230 καὶ
2584 2173 2753 2231 Δοῦ-

509 2301 634 2358 ρις,
682 2267 758 2347 ὡς
804 2267 1125 2348 Πλάτωνος
1167 2265 1280 2334 οὐκ
1321 2267 1493 2348 ὄντος
1534 2275 1754 2335 ἱκανοῦ
1798 2276 2027 2355 κρίνειν
2070 2266 2317 2350 ποιητάς
2342 2272 2419 2353 ¹).
2504 2276 2751 2335 scilicet

512 2379 872 2462 Callimachi
911 2380 1028 2439 hoc
1075 2379 1300 2439 dictum
1341 2379 1424 2440 ad
1477 2381 1683 2459 ipsum
1723 2379 1881 2440 illud
1924 2379 2203 2440 Platonis
2249 2378 2327 2438 de
2369 2378 2749 2438 Antimacho

645 2583 688 2646 1)
724 2582 849 2632 Hoc
894 2579 1226 2632 Callimachi
1269 2580 1378 2646 frg.
1419 2595 1532 2631 non
1574 2579 1764 2632 dubito
1819 2581 1955 2646 quin
1994 2583 2121 2639 τοῖς
2162 2572 2305 2647 πρὸς
2350 2571 2750 2646 Πραξιφάνην

511 2667 919 2720 attribuendum
955 2667 1048 2728 sit,
1087 2681 1225 2730 quae
1263 2669 1653 2716 commemorat
1678 2670 1873 2716 auctor
1894 2667 2047 2718 vitae
2072 2665 2235 2715 Arati
2258 2667 2287 2716 Ι
2325 2666 2469 2731 apud
2493 2666 2746 2717 Wester-

509 2768 767 2804 mannum
813 2769 867 2818 p.
906 2753 997 2802 54:
1044 2745 1328 2816 μέμνηται
1372 2749 1517 2815 γοῦν
1563 2738 1746 2802 αὐτοῦν
1788 2739 2059 2814 (Ἀράτου)
2109 2748 2209 2802 καὶ
2252 2749 2622 2816 Καλλίμαχος
2670 2745 2747 2808 ὦς

491 2830 890 2902 πρεσβυτέρου
926 2824 995 2886 οὗ
1029 2828 1214 2900 μόνον
1250 2826 1314 2886 ἐν
1336 2837 1456 2894 τοῖς
1484 2828 1926 2901 ἐπιγράμμασιν,
1968 2824 2112 2886 ἄλλα
2138 2832 2237 2886 καὶ
2276 2826 2349 2884 έν
2384 2838 2534 2894 τοῖς
2566 2827 2746 2898 πρὸς

511 2913 846 2987 Πραξιφοὶ
857 2936 1014 2984 νην,
1051 2912 1208 2970 πάνυ
1245 2911 1497 2970 ἐπαινῶν
1533 2907 1711 2970 αὐτὸν
1746 2910 1820 2978 ὡς
1856 2917 2171 2985 πολυμαθῆ
2196 2915 2297 2970 καὶ
2318 2907 2551 2984 ἄριστον
2573 2935 2747 2984 ποιη-

509 2998 630 3070 τήν.
686 3021 816 3056 nam
848 3004 1232 3069 Praxiphanes
1256 3005 1656 3068 peripateticus
1695 3004 2015 3055 Platonis
2054 3007 2111 3053 et
2144 3004 2485 3054 Isocratis
2522 3001 2746 3068 διατρι-

511 3081 623 3156 βήν
646 3105 777 3141 τινα
810 3085 943 3150 περὶ
968 3087 1219 3154 ποιητῶν
1253 3084 1570 3154 γενομένην
1606 3094 1991 3156 composuerat
2025 3092 2249 3140 auctore
2274 3090 2465 3139 Laert.
2488 3088 2747 3152 Diogene

508 3175 596 3226 ΙΙΙ
620 3176 671 3224 8.
734 3174 808 3225 cf.
834 3172 1142 3224 Prellerum
1178 3173 1245 3224 de
1279 3174 1634 3239 Praxiphane
1659 3189 1711 3239 p.
1741 3175 1825 3225 15.
1882 3175 2073 3238 itaque
2101 3172 2431 3224 Callimachi
2464 3172 2561 3222 ille
2598 3172 2750 3223 liber

509 3259 585 3310 de
621 3259 846 3325 poetis
883 3257 953 3308 ad
977 3258 1384 3324 Praxiphanem
1421 3259 1663 3323 scriptus
1699 3258 1822 3308 fuit.
1883 3259 1941 3308 in
1976 3259 2099 3310 vita
2132 3258 2312 3308 latina
2345 3258 2573 3323 leg-itur:
2608 3260 2751 3308 sicut

509 3351 726 3394 testatur
751 3343 1080 3394 Callimachus
1101 3345 1348 3394 assistens
1371 3345 1420 3393 ei
1442 3343 1509 3392 ab
1542 3344 1763 3406 infantia
1793 3351 2013 3408 propter
2034 3344 2422 3408 Praaeipkanem
2454 3343 2749 3394 mitilenam.

507 3429 698 3491 itaque
734 3427 954 3478 videtur
986 3427 1214 3492 puerilis
1249 3443 1599 3493 graecaeque
1636 3427 1860 3494 linguae
1886 3427 2030 3479 male
2057 3443 2263 3494 gnarus
2286 3429 2559 3492 interpres
2581 3420 2749 3491 παρὰ

511 3502 900 3576 Πραξιφάνην
942 3511 1140 3562 vitiose
1194 3512 1417 3576 legisse.
1491 3517 1735 3562 ceterum
1782 3513 1973 3562 eodem
2022 3513 2257 3564 fortasse
2301 3526 2466 3577 opere
2510 3512 2753 3562 Proclus

511 3596 702 3645 eiusve
749 3601 944 3645 auctor
994 3600 1052 3645 et
1093 3598 1152 3645 in
1189 3601 1479 3648 comment.
1516 3598 1573 3645 in
1608 3597 1859 3646 Parmen.
1910 3613 1962 3662 p.
2000 3599 2031 3648 5
2068 3596 2289 3648 Cousin.
2326 3596 2521 3646 utitur:
2578 3591 2753 3647 διδοῖ-

509 3679 715 3738 σκαλος
751 3672 857 3746 μὲν
880 3671 912 3730 ὁ
937 3679 1310 3746 Παρμενίδης
1346 3671 1443 3744 ὧν,
1481 3673 1752 3747 μαθητὴς
1790 3671 1847 3732 δ’
1884 3671 1913 3732 ὁ
1946 3676 2163 3747 Ζήνων,
2194 3669 2453 3732 Ἐλεᾶται
2480 3670 2539 3730 δ’
2564 3669 2751 3746 ἄμφω

507 3762 607 3817 καὶ
645 3756 714 3816 οὖ
749 3761 917 3816 τοῦτο
961 3755 1142 3830 μόνον
1190 3757 1335 3817 ἀλλὰ
1381 3763 1481 3817 καὶ
1528 3763 1632 3816 τοῦ
1666 3763 2083 3831 Πυθαγορικοῦ
2132 3763 2539 3816 διδασκαλείου
2572 3780 2753 3829 μετα-

508 3845 777 3916 λαβόντε,
823 3842 1095 3916 καθάπερ
1130 3865 1264 3901 που
1298 3847 1399 3902 καὶ
1437 3841 1469 3900 ὁ
1505 3847 1873 3916 Καλλίμαχος
1911 3842 2269 3916 (Νικόμαχος
2305 3849 2426 3916 CD)
2464 3841 2751 3917 ἷστόρη-

509 3947 642 3986 σεν.
715 3949 782 3986 ac
818 3934 1043 3986 Tatian.
1082 3935 1208 3987 adv.
1248 3934 1446 3988 Graec.
1472 3937 1535 3985 31
1574 3951 1629 4000 p.
1656 3936 1755 3988 120
1790 3935 1923 3986 Otto
1959 3940 2015 3986 et
2046 3935 2255 3986 Euseb.
2292 3950 2484 4000 praep.
2520 3949 2611 3988 ev.
2634 3936 2751 3986 XII

508 4033 560 4081 p.
597 4020 696 4068 492
731 4019 922 4085 Viget.
968 4017 1099 4086 περὶ
1143 4012 1251 4087 μὲν
1291 4018 1394 4086 τῆς
1432 4009 1682 4086 Ὀμήρου
1734 4013 2014 4085 ποιήσεως
2065 4013 2268 4086 γένους
2311 4033 2372 4069 τε
2416 4009 2599 4070 αὐτοῦ
2642 4019 2749 4073 καὶ

509 4093 747 4166 χρόνον,
789 4093 939 4154 καθ’
975 4091 1044 4155 ὃν·
1075 4094 1326 4171 ἤκμασε,
1373 4095 1811 4171 προηρεύνησαν
1853 4101 2239 4169 γραμματικοὶ
2287 4145 2302 4157 .
2334 4139 2348 4155 .
2390 4142 2403 4156 .
2450 4103 2749 4170 Καλλίμα-

509 4200 626 4251 χος.
687 4201 827 4250 quae
865 4188 1179 4252 fragmenta
1212 4189 1417 4240 tabulis
1451 4190 1823 4242 vindicarunt.
1885 4189 1957 4239 cf.
1993 4188 2212 4242 Gallim.
2254 4188 2337 4240 ed.
2374 4188 2507 4238 Ern.
2544 4204 2597 4253 p.
2620 4190 2751 4252 471,

508 4269 883 4335 Sengebusch.
910 4271 1040 4325 diss.
1076 4273 1238 4324 Hom.
1263 4275 1292 4324 I
1323 4290 1375 4339 p.
1401 4275 1487 4337 45,
1525 4273 1585 4328 C.
1609 4273 1989 4325 Wachsmuth.
2025 4271 2219 4338 philol.
2242 4272 2371 4324 XVI
2403 4287 2459 4337 p.
2480 4273 2603 4336 659,
2628 4275 2751 4329 660.
