2917 4992
1395 372 1481 384 --
1567 333 1820 398 36-

491 513 692 572 liciter
753 519 820 569 ut
885 511 1184 589 pleraque
1249 509 1316 567 in
1385 506 1760 567 Callimacho
1826 505 2274 567 Valckenarius
2342 505 2498 584 eleg.
2566 505 2740 584 frgg.

493 634 555 692 p.
603 621 706 674 215
750 612 907 670 haec
952 611 1264 690 copulavit
1307 609 1724 668 confidenter:

882 724 1167 805 μέμβλετο
1212 714 1265 785 δ’
1314 721 1691 802 εἰσπνήλαις,
1736 715 1954 784 ὁππότε
2000 725 2217 802 κοῦρος
2261 721 2381 784 ἔοι·

795 825 1002 888 πολλοὶ
1047 825 1148 888 καὶ
1195 825 1496 904 φιλέοντες
1532 819 1842 886 Ἀκόντιον
1884 810 2043 902 ἧκαν
2086 823 2255 902 ἔραζε

881 924 1190 990 οἰνοπόται
1234 925 1489 1000 Σικελὰς
1532 924 1599 987 ἐκ
1644 926 1901 987 κυλίκων
1945 922 2216 1006 λάταγας.

495 1067 662 1149 quod
710 1087 890 1147 quam
933 1067 1090 1126 falso
1135 1066 1245 1125 ille
1292 1065 1512 1124 fecerit
1555 1073 1806 1144 praeter
1850 1073 2057 1124 cetera
2085 1065 2265 1140 trium
2295 1062 2741 1124 vocabulorum

493 1170 762 1228 accessio
808 1188 974 1226 nunc
1020 1168 1243 1227 docere
1287 1163 1583 1246 potest¹).
1661 1165 1828 1245 quod
1888 1175 2090 1225 autem
2150 1165 2229 1223 ad
2276 1163 2502 1225 cottabi
2545 1166 2741 1223 ratio-

492 1291 664 1345 nem,
713 1270 901 1329 adeas
947 1266 1300 1328 Iakobsium
1341 1287 1531 1330 verm.
1580 1268 1749 1328 Schr.
1795 1267 1890 1328 VI
1930 1287 1993 1345 p.
2032 1275 2125 1330 107
2171 1287 2330 1346 sqq„
2385 1266 2743 1325 Becker-um

497 1371 759 1432 Charicl.
807 1371 874 1429 II
919 1390 980 1448 p.
1025 1377 1128 1431 295
1174 1389 1313 1449 sqq.

661 1473 749 1531 At
791 1472 1051 1529 iuvenes
1095 1469 1324 1530 Aconti
1381 1469 1781 1530 admiratores
1826 1489 1953 1528 non
1997 1469 2192 1529 solum
2247 1470 2548 1548 gregatim
2596 1488 2742 1528 eum

493 1572 912 1655 sequebantur
955 1572 1257 1644 intuituri,
1317 1572 1367 1630 si
1427 1571 1746 1651 prodibat,
1808 1579 1995 1651 atque
2052 1570 2295 1630 cottabo
2345 1571 2423 1631 de
2468 1569 2743 1630 absente

494 1673 816 1735 certabant
871 1673 1195 1746 amatorie,
1263 1673 1375 1731 sed
1432 1674 1796 1753 frequentes
1855 1674 2037 1732 etiam
2092 1661 2194 1730 διὰ
2244 1671 2419 1730 τοῦτο
2472 1660 2541 1729 τό
2600 1669 2743 1728 λίαν

495 1765 781 1853 ἐρωτικὸν
822 1777 948 1844 τοῖς
993 1771 1178 1850 ἴχνεσι
1221 1773 1330 1830 τοῦ
1372 1771 1685 1849 μειρακίου
1730 1763 1867 1843 τούς
1898 1769 2125 1832 ἑαυτῶν
2156 1766 2494 1852 ἐφήρμοζον
2523 1765 2740 1843 πόδας.

497 1880 593 1938 cui
651 1875 924 1936 desideri
981 1875 1254 1933 fomento
1315 1882 1378 1932 et
1431 1893 1583 1934 vero
1649 1876 2025 1934 nutrimento
2082 1875 2529 1936 Valckenarius
2590 1875 2637 1932 1.
2688 1893 2739 1932 c.

499 2000 563 2058 p.
595 1988 699 2040 216
733 1997 868 2036 eum
914 1983 1229 2054 comparat
1275 1977 1607 2034 amantium
1651 1996 1842 2050 usum,
1892 1997 2013 2056 quo
2059 1977 2223 2036 idem
2268 1977 2551 2056 poculum
2596 1976 2743 2033 uni-

493 2099 646 2160 usve
713 2077 917 2158 poculi
987 2075 1248 2136 eandem
1313 2085 1553 2156 partem
1617 2077 1803 2137 labris
1867 2079 1990 2137 suis
2059 2076 2379 2158 premebat
2448 2087 2739 2156 uterque,

497 2181 701 2262 quode
747 2181 824 2239 cf.
871 2178 1213 2237 Beckerum
1257 2177 1521 2238 Charicl.
1569 2180 1601 2238 I
1644 2199 1707 2257 Ρ.
1753 2186 1821 2243 66
1851 2200 1943 2259 sq.
1988 2200 2050 2258 p.
2082 2189 2205 2242 331.
2264 2199 2477 2237 verum
2519 2189 2743 2236 tamen

501 2284 666 2363 quod
736 2300 982 2360 prorsus
1041 2280 1421 2358 conspiraret
1486 2299 1620 2339 cum
1678 2281 2127 2340 Aristaeneteis
2185 2281 2419 2339 nullum
2461 2281 2567 2338 ille
2626 2280 2745 2338 ha-

493 2384 628 2442 buit
679 2382 1050 2460 exemplum,
1112 2389 1173 2439 et
1227 2381 1391 2443 inter
1435 2382 1560 2441 alia
1603 2383 1772 2440 nullo
1818 2391 1999 2461 pacto
2045 2383 2163 2440 huc
2208 2383 2499 2440 facientia
2541 2401 2744 2440 unum

503 2482 947 2544 Boissonadius
1007 2481 1088 2540 ad
1149 2481 1460 2540 Aristaen.
1520 2503 1581 2562 p.
1628 2491 1761 2555 360,
1821 2463 2125 2561 Meleagri
2181 2483 2373 2542 verba
2428 2483 2601 2542 anth.
2664 2483 2741 2541 P.

493 2587 631 2647 XII
671 2593 759 2660 84,
783 2596 874 2648 '52
2648 2577 2661 2588 ’

747 2702 938 2781 βαίνω
983 2692 1039 2759 δ’
1087 2700 1252 2779 ἴχνος
1296 2695 1397 2760 ἐπ’
1444 2699 1629 2778 ἴχνος.

497 2849 560 2899 at
604 2839 814 2919 paullo
863 2837 1212 2898 evidentior
1257 2839 1440 2898 etiam
1490 2839 1646 2898 alius
1690 2837 1808 2898 loci
1856 2847 1949 2898 est
2001 2839 2365 2912 similitudo,
2427 2859 2610 2922 quem
2661 2861 2743 2900 ex

496 2942 634 3020 ipsa
679 2937 975 3018 Cydippa
1018 2938 1203 2998 credo
1248 2939 1639 3014 translatum,
1686 2941 1896 3000 Nonn.
1941 2941 2130 3001 Dion.
2172 2942 2363 3000 XLII
2405 2950 2475 3003 54
2514 2962 2653 3022 sq.:

706 3069 810 3132 καὶ
855 3063 1081 3152 Βερόης
1121 3062 1485 3152 μετρηδὸν
1532 3062 1633 3132 ἐπ’
1684 3072 1987 3152 ἴχνεσιν
2030 3071 2239 3151 ἴχνος
2283 3071 2625 3155 ἐρείδων,

706 3165 807 3234 οἷά
848 3193 959 3254 περ
1001 3166 1325 3253 ἀγρώσσων
1369 3172 1788 3254 περιδέδρομεν
1801 3174 1875 3254 ²).

497 3322 684 3391 atque
730 3312 980 3370 omnino
1025 3313 1091 3370 in
1140 3313 1259 3385 eis,
1309 3311 1529 3391 quibus
1572 3313 1835 3372 Nonnus
1878 3313 2061 3390 ignes
2108 3311 2400 3371 describit
2441 3313 2742 3393 Dionyso

499 3433 535 3470 a
565 3413 768 3470 Beroa
799 3421 1162 3491 conceptos,
1207 3433 1396 3472 unum
1441 3415 1779 3473 alterumve
1822 3415 2029 3474 lumen
2076 3422 2261 3493 atque
2308 3423 2745 3474 ornamentum

497 3512 574 3572 ab
619 3511 1015 3571 Aristaeneto
1062 3513 1345 3572 omissum
1391 3533 1424 3572 e
1473 3514 1834 3574 Callimachi
1882 3515 2177 3595 Cydippa
2220 3516 2404 3575 facile
2447 3527 2747 3595 superest

500 3614 927 3694 depromptum
949 3609 1025 3690 3).

666 3717 742 3775 In
798 3714 963 3774 hunc
1015 3715 1202 3792 igitur
1257 3716 1786 3778 adulescentulum
1832 3718 2163 3799 Cupido,
2237 3739 2419 3800 quam
2484 3728 2747 3798 poterat

494 3817 872 3878 validissime
916 3836 1120 3877 arcum
1161 3817 1452 3878 intendit.
1543 3816 1661 3877 ἔδει
1704 3811 1818 3899 γὰρ
1861 3809 1964 3878 τὸν
2018 3811 2202 3879 καλὸν
2254 3814 2568 3890 τοσούτους
2615 3842 2743 3880 τε-

635 4034 671 4098 ¹)
709 4035 996 4087 Infelicior
1033 4034 1202 4086 etiam
1237 4036 1637 4102 Hertzbergius
1673 4037 1885 4089 Ztschr.
1924 4038 1963 4090 f.
1999 4038 2066 4088 A.
2104 4038 2233 4088 1847
2270 4054 2323 4104 Ρ.
2362 4040 2479 4089 139.

631 4117 672 4182 ²)
710 4121 802 4170 Ita
838 4121 1046 4170 correxi
1073 4118 1216 4186 quod
1249 4119 1413 4186 vulgo
1448 4120 1657 4188 legitur
1692 4114 1792 4172 ota'
1827 4138 1933 4188 περ
1966 4112 2271 4188 ἀγνώσσων
2296 4115 2743 4191 περιδέδρομεν,

629 4201 674 4266 ⁸)
708 4204 825 4254 Nec
870 4204 1048 4254 minus
1094 4200 1497 4256 Callimachum
1551 4206 1845 4272 insigniter
1896 4208 2159 4257 decerent
2209 4220 2397 4256 eorum
2442 4193 2743 4276 nonnulla,

499 4286 691 4354 quibus
726 4286 968 4335 Morrhei
1005 4289 1218 4338 amores
1254 4293 1549 4338 narrantur
1584 4289 1747 4340 Dion.
1786 4292 2025 4341 XXXIII
2062 4294 2161 4343 180
2194 4305 2315 4356 sqq.
