2917 4992
1399 391 1865 456 -100-

519 567 832 628 Aristaen.
879 565 947 627 II
989 573 1025 628 4
1069 565 1202 629 init.
1259 553 1298 640 ἦ
1360 559 1424 624 δὲ
1468 553 1871 642 ὖπερκόψασα
1913 554 2115 642 μόλις,
2174 551 2255 635 ὥς
2312 551 2583 641 λαμπρὸν
2624 550 2765 622 ἀνέ-

517 671 705 728 τειλεν
759 658 978 747 ἄστρον
1034 688 1089 729 e.
1136 689 1198 748 q.
1241 688 1292 728 s.
1357 687 1487 728 non
1556 665 1725 726 idem
1792 667 1956 726 enim
2014 665 2411 728 Callimachei
2470 667 2765 727 carminis

523 780 654 832 erat
699 773 918 832 exitus.

687 874 772 935 Et
813 875 934 932 iam
978 892 1144 930 nunc
1197 891 1400 931 comes
1453 871 1564 930 ille
1622 879 1835 930 noster
1891 891 2020 930 non
2078 870 2327 951 quidem
2383 879 2589 930 certus
2651 869 2765 928 ad-

520 974 764 1036 modum
808 995 925 1035 nec
960 983 1168 1034 tamen
1211 981 1278 1032 ut
1319 973 1388 1032 in
1443 980 1623 1031 tanta
1677 970 2015 1032 solitudine
2070 973 2346 1051 ingratus
2403 971 2583 1032 nobis
2642 972 2769 1031 erit

519 1075 888 1152 mittendus,
949 1075 1074 1136 nisi
1120 1073 1286 1156 quod
1347 1072 1592 1154 qualem
1636 1093 1751 1153 per
1794 1075 1943 1134 satis
1990 1075 2371 1136 salebrosam
2415 1083 2602 1154 atque
2648 1073 2767 1132 im-

519 1177 796 1259 peditam
849 1179 1014 1237 viam
1071 1179 1201 1237 eius
1262 1176 1505 1255 experti
1561 1195 1763 1235 sumus
1821 1176 2123 1236 rationem
2176 1175 2485 1256 fidemque
2539 1175 2769 1255 paucis

521 1289 668 1340 ante
714 1279 1160 1340 denotabimus.

566 1375 570 1379 ’
690 1383 900 1462 Ipsum
945 1379 1302 1441 Callimachi
1348 1399 1596 1440 carmen
1650 1379 1717 1440 in
1772 1379 2053 1439 manibus
2099 1379 2291 1440 fuisse
2336 1379 2568 1440 rhetori
2614 1387 2772 1458 post

521 1503 598 1544 ea
653 1503 814 1564 quae
873 1482 1316 1562 disputavimus
1375 1501 1505 1540 non
1564 1490 1658 1540 est
1714 1502 1819 1540 cur
1872 1483 1940 1540 in
1987 1481 2436 1541 dubitationem
2478 1489 2768 1540 vocetur.

520 1581 924 1644 vehementer
951 1585 1156 1664 potius
1189 1603 1264 1643 ea
1295 1583 1758 1655 commendatur
1790 1584 2001 1662 opinio
2032 1582 2361 1663 Cydippae
2392 1582 2769 1660 fragmentis

519 1683 783 1746 maxime
825 1709 868 1746 x
933 1705 1027 1745 x11
1092 1685 1258 1760 x111,'
1309 1684 1529 1764 quibus
1580 1667 1849 1748 conlatis
1905 1705 2041 1743 cum
2102 1685 2501 1745 'Aristaeneto
2571 1684 2770 1744 facile

521 1797 804 1868 apparet,
855 1808 977 1869 qua
1019 1788 1127 1847 ille
1171 1787 1414 1846 ratione
1459 1787 1704 1864 singula
1748 1785 1941 1846 verba
1982 1785 2087 1846 vel
2129 1787 2373 1864 integra
2414 1784 2773 1844 traduxerit

520 1890 627 1948 vel
683 1908 834 1949 suae
895 1888 1162 1948 orationi
1205 1887 1665 1948 accommodata
1709 1885 2075 1948 reddiderit.
2165 1895 2226 1946 et
2282 1907 2435 1946 sane
2494 1873 2776 1966 epistula

523 2009 600 2048 ea
665 1997 870 2049 aetate
935 1989 1203 2048 infimum
1267 1989 1398 2047 fere
1459 1989 1785 2080 vestigium
1844 1996 2093 2047 tenetur
2160 1989 2498 2048 extantium
2552 1987 2775 2048 adhuc

520 2091 944 2172 lectorumque
997 2089 1325 2150 Battiadae
1381 2098 1632 2169 praeter
1686 2090 1947 2169 hymnos
2006 2098 2069 2149 et
2124 2091 2563 2170 epigrammata
2630 2110 2775 2149 car·

519 2189 849 2272 minum¹),
893 2193 951 2252 ‘si
997 2190 1248 2273 quidem
1291 2191 1573 2271 sophista
1615 2192 1858 2282 integro
1902 2211 2047 2252 usus
2094 2212 2285 2272 opere
2334 2201 2443 2266 est,
2491 2192 2586 2252 cui
2635 2190 2776 2271 Cy·

658 2444 699 2510 ¹)
735 2445 1028 2496 Heckerus
1064 2444 1210 2495 enim
1247 2448 1540 2495 comment.
1567 2443 1782 2496 Callim.
1807 2461 1863 2510 p.
1887 2445 1953 2497 83
1980 2461 2097 2512 sqq.
2131 2445 2183 2504 ¹si
2220 2445 2309 2496 eui
2343 2460 2599 2514 umquam
2634 2461 2777 2512 per-

521 2530 724 2593 suasit,
759 2529 1031 2580 Suidam
1057 2528 1389 2594 Callimachi
1411 2528 1667 2578 Hecalen
1705 2533 2058 2595 superstitem
2090 2530 2297 2596 legisse
2336 2534 2391 2581 et
2415 2530 2774 2595 adhibuisse,

523 2632 647 2667 eum
692 2616 912 2682 penitus
957 2614 1250 2666 dedecebit
1298 2613 1362 2664 Ο.
1402 2613 1729 2663 Schneideri
1776 2616 2007 2681 egregia
2050 2616 2445 2666 commentatio
2482 2615 2549 2665 de
2588 2614 2782 2665 Calli-

521 2701 706 2752 machi
752 2715 977 2767 operum
1021 2698 1218 2749 tabula
1265 2713 1406 2764 quae
1455 2703 1608 2748 extat
1654 2697 1799 2764 apud
1835 2699 2059 2750 Suidam
2094 2717 2147 2766 p.
2188 2703 2216 2750 1
2242 2713 2357 2766 sqq.
2430 2715 2535 2750 nec
2579 2701 2779 2766 mag-is

521 2787 639 2836 fere
690 2789 775 2835 est
820 2783 1114 2846 credibile,
1160 2785 1428 2835 Ioannem
1466 2784 1787 2834 Tzetzam
1830 2782 1946 2834 ullo
1983 2784 2315 2836 Callimachi
2360 2785 2577 2851 integro
2612 2783 2777 2836 libro

523 2875 621 2920 aut
658 2870 901 2920 carmine
937 2869 1086 2918 ultra
1134 2884 1202 2918 ea
1239 2883 1379 2932 quae
1416 2872 1631 2918 nosmet
1665 2869 2009 2935 possidemus
2044 2884 2201 2920 usum
2238 2885 2379 2923 esse.
2449 2885 2577 2919 nam
2614 2869 2778 2920 Chil.

520 2955 600 3004 IX
635 2955 736 3004 893
773 2953 918 3004 redit
953 2953 1024 3002 ad
1061 2969 1145 3017 ep.
1184 2952 1336 3002 XXV
1371 2955 1421 3003 6.
1494 2968 1599 3003 nec
1634 2955 1815 3004 minus
1854 2955 2037 3020 epistt.
2078 2955 2159 3008 ed.
2195 2954 2433 3006 Pressel.
2472 2971 2524 3020 p.
2564 2955 2632 3006 38
2668 2949 2779 3021 μγ’

521 3036 647 3102 (cll.
701 3037 951 3088 Crameri
995 3036 1227 3086 anecdd.
1275 3035 1376 3088 Ox.
1418 3037 1505 3087 ΙΙΙ
1551 3055 1606 3102 p.
1650 3037 1779 3102 362)
1828 3043 1883 3088 et
1929 3039 1996 3089 de
2042 3039 2151 3091 div.
2201 3044 2357 3090 metr.
2407 3039 2464 3089 in
2509 3038 2781 3090 Crameri

523 3121 754 3173 anecdd.
781 3122 908 3172 Par.
934 3112 964 3171 Ϊ
996 3137 1048 3186 p.
1077 3123 1141 3170 79
1177 3121 1359 3171 fontes
1394 3121 1491 3171 ille
1531 3122 1786 3172 adhibuit
1820 3123 1991 3174 etiam
2022 3124 2188 3174 hodie
2223 3125 2475 3174 fluentes.
2528 3123 2601 3174 cf.
2629 3123 2781 3174 Cal-

519 3207 638 3260 lim.
677 3207 783 3272 frg.
823 3208 889 3258 52
927 3210 984 3257 et
1017 3207 1134 3280 319.
1186 3221 1252 3256 ac
1288 3203 1393 3271 frg.
1433 3207 1499 3256 52
1536 3210 1598 3256 ut
1632 3207 1689 3256 in
1728 3223 1831 3272 quo
1870 3208 2284 3272 interpretando
2320 3209 2617 3274 insigniter
2654 3209 2779 3259 fal-

517 3290 700 3354 latur,
749 3290 1008 3357 quicquid
1055 3291 1192 3341 dicit
1224 3291 1475 3342 Naekius
1510 3291 1650 3344 Hec.
1685 3309 1738 3357 p.
1778 3291 1843 3342 38
1868 3307 2017 3358 sqq.,
2075 3309 2197 3344 eum
2242 3298 2398 3346 extra
2443 3297 2783 3344 contextum

520 3376 701 3427 obiter
741 3375 951 3441 legisse
999 3377 1230 3426 citatum
1283 3375 1408 3427 luce
1455 3375 1662 3426 clarius
1710 3382 1812 3427 est.
1885 3377 2083 3428 deinde
2132 3377 2275 3428 Chil.
2321 3377 2457 3428 VIII
2502 3378 2604 3427 814
2640 3393 2781 3446 sqq.

521 3459 654 3526 (frg.
690 3463 790 3511 503
825 3459 1050 3524 Blomf.)
1096 3476 1208 3511 non
1244 3460 1487 3511 debebat
1520 3461 1827 3527 peculiaris
1872 3463 2172 3528 fragmenti
2206 3464 2385 3512 instar
2422 3462 2787 3514 conlectioni

521 3544 711 3608 inseri,
749 3559 871 3594 cum
895 3545 1089 3595 redeat
1114 3545 1185 3595 ad
1210 3545 1316 3611 frg.
1344 3547 1426 3598 77.
1462 3549 1638 3597 restat
1663 3545 1807 3596 Chil.
1834 3547 1913 3597 IV
1936 3551 2037 3599 390
2060 3563 2178 3614 sqq.
2219 3549 2361 3613 quod
2388 3553 2474 3598 est
2499 3549 2611 3614 frg..
2630 3550 2751 3602 413
2767 3569 2782 3600 ε

824 3640 926 3695 καὶ
961 3643 1024 3695 τί
1055 3644 1212 3712 φημί
1241 3661 1328 3697 σοι
1363 3639 1433 3697 τοὶ
1472 3643 1659 3712 φυτοῖς
1686 3638 1911 3699 Ῥόδιόν
1948 3640 2101 3700 ἐστιν
2137 3639 2267 3713 ὄρος

827 3721 934 3796 τὴν
968 3727 1174 3796 κλῆσιν
1203 3719 1557 3800 Ἀταβύριον,
1598 3731 1813 3798 χαλκᾶς
1848 3731 1987 3798 πρὶν
2024 3727 2158 3798 ἔχον
2193 3725 2359 3801 βόας,

825 3809 891 3867 αἳ
925 3808 1240 3882 μυκηθμὸν
1276 3808 1597 3883 ἐξέπεμπον
1632 3813 1922 3884 χωρούσης
1947 3811 2125 3884 Ῥόδῳ
2161 3815 2392 3886 βλάβης.

827 3897 1191 3965 Πίνδαρος
1225 3898 1325 3954 καὶ
1357 3901 1727 3968 Καλλίμαχος
1762 3896 1978 3969 γράφει
2014 3894 2121 3969 τὴν
2156 3897 2431 3969 ἱστορίαν.

519 4003 580 4053 in
614 4001 812 4068 quibus
848 4002 1104 4053 nefariae
1138 4002 1388 4054 levitatis
1422 4003 1697 4056 hominem
1732 4005 2030 4055 Pindarum
2073 4005 2358 4056 nominare
2394 4020 2492 4071 pro
2528 4005 2789 4060 scholiis

520 4087 836 4139 Pindaricis
883 4086 995 4151 (01.
1029 4088 1134 4139 VH
1181 4089 1278 4140 159
1324 4080 1587 4142 νώτοισιν
1627 4081 1984 4158 Ἀταβυρίου]
2033 4079 2163 4154 ὅρος
2202 4080 2405 4141 Ῥόδου
2442 4127 2784 4145 ........

524 4165 634 4223 εἰσὶ
680 4165 746 4222 δὲ
793 4173 1009 4237 χαλκαῖ
1044 4163 1175 4240 βόες
1219 4165 1314 4226 ἐπὶ
1349 4172 1426 4240 τῷ
1464 4163 1586 4238 ὄρει
1620 4173 1722 4242 τῆς
1750 4166 1973 4238 Ῥόδου,
2024 4171 2270 4239 αἵτινες,
2317 4165 2459 4225 ὅταν
2492 4161 2680 4243 μέλλῃ
2720 4196 2787 4230 τι

522 4254 591 4321 τῇ
628 4248 790 4307 πόλει
826 4254 1133 4322 γίγνεσθαι
1169 4253 1378 4322 κακόν,
1415 4258 1739 4325 μυκῶνται).
1768 4261 1879 4310 iam
1906 4259 2181 4324 Bergkius
2216 4261 2433 4311 notavit
2454 4265 2636 4325 poett.
2662 4262 2785 4329 lyr.

521 4355 573 4406 p.
602 4342 702 4390 309
741 4340 811 4390 ad
842 4341 1000 4393 Pind.
1040 4341 1144 4409 frg.
1181 4345 1298 4392 323.
1369 4359 1475 4394 nec
1512 4345 1729 4409 dubito,
1766 4348 1898 4410 quin
1934 4345 2265 4397 Callimachi
2300 4361 2515 4411 quoque
2550 4351 2789 4402 mentio
