2917 4992
794 510 1108 552 sacravere
1151 509 1318 550 senes
1334 536 1349 564 ,
1397 495 1731 565 templisque
1776 493 2051 549 accedere
2094 493 2277 548 dotem

798 599 952 654 hanc
993 597 1216 652 iussere
1261 597 1416 651 meis.
1492 595 1673 650 medio
1718 595 1860 649 nitet
1902 594 2078 649 arbor
2121 595 2180 648 in
2226 610 2367 650 arvo

796 698 968 771 fulva
1012 714 1262 764 comam,
1303 696 1467 769 fulvo
1512 697 1692 750 ramis
1732 696 2149 767 crepitantibus
2190 711 2353 751 auro.

798 801 932 855 hinc
977 800 1092 854 tria
1132 797 1291 870 forle
1327 813 1454 852 mea
1500 798 1731 854 veniens
1776 798 2050 868 decerpta
2090 796 2353 869 ferebam

795 916 980 956 aurea
1014 917 1194 971 poma
1237 916 1443 969 manu,
1489 899 1743 970 nullique
1786 900 2029 955 videnda
2071 899 2185 954 nisi
2224 899 2339 970 ipsi

801 1003 1196 1073 Hippomenen
1241 1003 1362 1058 adii
1401 1002 1709 1072 docuique,
1756 1001 1886 1071 qais
1920 1014 2061 1056 usus
2102 1001 2161 1055 in
2204 1001 2333 1055 illis.

663 1138 782 1195 Ista
845 1155 995 1194 vero
1060 1135 1444 1194 Aristaeneti
1499 1133 1692 1192 verba
1757 1134 1809 1192 si
1876 1133 2211 1192 accuratius
2270 1131 2735 1192 considerasset

493 1236 846 1310 IacobsiuS,
896 1235 974 1296 de
1018 1235 1320 1296 Nicandri
1362 1233 1642 1294 versibus
1686 1234 1917 1294 Athen.
1963 1236 2067 1294 III
2109 1255 2171 1314 p.
2216 1241 2287 1296 82
2311 1254 2368 1298 a.

800 1344 989 1430 αὐτίχ’
1040 1342 1130 1431 ὅγ’
1181 1341 1221 1428 ἢ
1269 1342 1585 1424 Σιδόεντος
1627 1340 1695 1428 ἠὲ
1743 1351 2033 1411 Πλείστου
2059 1341 2190 1410 ’ἀπὸ
2233 1342 2444 1428 κήπων

797 1457 956 1532 μῆλα
998 1446 1201 1532 ταμών
1246 1449 1539 1531 χνοάοντα
1582 1448 1802 1524 τύπους
1847 1445 2191 1529 ἐνεμάσσετο
2236 1445 2482 1529 Κάδμου

493 1612 619 1652 non
664 1593 968 1672 potuisset
1010 1592 1165 1650 haec
1194 1590 1460 1650 scribere
1500 1589 1812 1650 animadv.
1845 1589 1923 1648 ad
1957 1591 2125 1648 anth.
2163 1590 2269 1651 Gr.
2303 1590 2466 1650 VIII
2494 1610 2556 1668 p.
2589 1595 2733 1652 203:

495 1697 584 1752 De
613 1697 851 1754 Acontio
881 1698 1101 1752 videtur
1131 1698 1254 1769 aqi,
1298 1697 1399 1767 qui
1438 1696 1518 1750 ad
1542 1695 1935 1766 decipiendam
1968 1693 2264 1766 Cydippen
2298 1692 2546 1766 Cydonio
2577 1695 2734 1749 malo

492 1815 634 1854 usus
693 1814 817 1855 esse
871 1800 1086 1854 dicitur
1141 1814 1238 1868 ap.
1295 1796 1638 1852 Aristaenet.
1696 1796 1735 1852 I
1776 1799 1847 1852 10
1880 1813 1946 1867 p.
2002 1800 2089 1850 23.
2149 1813 2271 1872 qua
2324 1794 2388 1852 in
2434 1812 2501 1851 re
2547 1793 2733 1873 sequi

491 1895 739 1956 videtur
794 1897 1241 1956 Mellmannum
1299 1895 1378 1954 de
1439 1913 1639 1954 causs-
1698 1904 1761 1952 et
1820 1893 2111 1954 auctorib.
2170 1895 2589 1954 narrationum
2652 1894 2731 1953 de

495 1997 739 2056 mutatis
787 1997 996 2055 formis
1042 2017 1104 2076 p.
1151 2004 1238 2058 79.
1305 2004 1369 2055 at
1396 1983 1807 2075 'acquiescere
1853 1996 1951 2054 hic
2000 1994 2267 2054 debebat
2310 1997 2374 2054 in
2422 2015 2497 2054 ea
2542 2015 2733 2075 quam

493 2099 760 2177 priorem
817 2099 1022 2177 posuit
1078 2099 1458 2171 coniectura,
1538 2096 1800 2175 probata
1866 2117 2029 2156 nunc
2084 2117 2120 2155 a
2176 2096 2557 2156 Schneidero
2619 2097 2731 2156 Ni-

494 2199 703 2258 candr.
762 2221 824 2278 p.
870 2209 940 2262 58
982 2221 1110 2280 sq.‚
1168 2199 1274 2258 ubi
1319 2198 1621 2259 Nicandri
1677 2200 2089 2277 fragmentum
2149 2198 2227 2257 ad
2286 2199 2729 2258 Hermocharis

495 2309 558 2359 et
590 2300 909 2378 Ctesyllae
956 2301 1225 2362 fabulam
1269 2301 1552 2360 refertur.
1616 2319 1984 2380 quamquam
2027 2320 2108 2358 ne
2142 2299 2555 2360 Schneiderus
2592 2300 2730 2380 qui-

495 2400 636 2460 dem
691 2409 856 2460 recte
915 2400 1194 2481 expediit
1257 2421 1392 2460 eam
1450 2401 1907 2475 difficultatem,
1967 2421 2124 2481 quae
2170 2402 2618 2461 Mellmannum
2664 2410 2733 2460 ut

492 2523 686 2582 prave
732 2511 1028 2562 statueret
1074 2502 1360 2576 adduxit,
1412 2502 1613 2583 quod,
1672 2503 1724 2562 si
1771 2503 2020 2583 quidem
2064 2503 2509 2565 Hermochares
2557 2511 2733 2562 esset

491 2604 969 2682 intelligendus,
1028 2625 1147 2684 quo
1203 2613 1384 2684 pacto
1444 2605 1544 2673 de¹
1572 2625 1645 2665 eo
1694 2604 1815 2665 dici
1859 2613 2073 2684 posset
2116 2593 2155 2680 ἢ
2200 2597 2613 2674 Σιδόεντος
2661 2595 2734 2677 ἠὲ

494 2705 869 2785 Πλείστου
923 2694 1041 2764 ἀπὸ
1086 2698 1302 2780 κήπων
1357 2709 1514 2781 μῆλα
1558 2700 1798 2782 ταμών,
1865 2727 1993 2766 non
2040 2707 2223 2767 facile
2266 2715 2537 2786 pateret,
2588 2727 2731 2766 cum

491 2807 814 2867 Nicander
867 2809 933 2866 in
991 2806 1141 2868 Cea
1204 2809 1407 2868 insula
1470 2827 1601 2868 rem
1666 2816 1863 2869 actam
1931 2828 2214 2868 narrasse
2272 2801 2765 2887 perhiberetur.'

493 2927 653 2988 quae
697 2916 765 2966 ut
807 2908 1212 2987 probabiliter
1255 2911 1615 2970 conciliaret
1660 2897 2106 2984 Schnei'deruffi
2168 2918 2349 2970 utens
2394 2910 2728 2971 Strabonis

489 3009 698 3069 verbis
776 3008 866 3087 (X
921 3030 982 3088 p.
1029 3009 1168 3088 486)
1245 3000 1284 3086 ἡ
1355 3001 1691 3092 πανήγυρις
1765 3009 2086 3090 ἐμπορικὸν
2157 3033 2212 3070 τι
2285 3003 2529 3090 πρᾶγμά
2604 3009 2728 3071 ἐστι

493 3119 818 3192 emptum
873 3112 1277 3172 Hermochari
1331 3134 1579 3193 pomum
1635 3133 1772 3174 esse
1828 3116 2056 3174 statuit.
2144 3133 2277 3172 nam
2341 3108 2547 3190 ταμών
2610 3135 2729 3174 non

487 3218 833 3288 iunyendum
876 3233 1005 3273 cam
1048 3203 1168 3272 ἆπὸ
1213 3207 1422 3291 κήπων
1466 3221 1569 3276 sed
1610 3235 1738 3275 cam
1784 3209 2127 3292 ἐνεμάσσετο
2143 3213 2212 3294 ¹).
2257 3216 2370 3276 sed
2400 3219 2728 3297 aliquanto

489 3316 823 3394 simplicius
869 3325 1016 3394 puto
1065 3325 1250 3398 atque
1295 3319 1497 3397 aptius
1542 3339 1714 3378 suam
1753 3317 2071 3378 Nicander
2113 3319 2378 3378 instituit
2422 3321 2728 3378 narratio·

492 3435 650 3474 nem.
739 3436 883 3475 nam
924 3419 1202 3497 profecto
1247 3419 1406 3494 μῆλα
1449 3407 1489 3496 ἢ
1535 3414 1849 3490 Σιδόεντος
1894 3409 1963 3495 ἠὲ
2014 3419 2301 3478 Πλείστου
2344 3410 2465 3479 ἀπὸ
2508 3412 2730 3496 κήπων

629 3584 667 3649 ¹)
703 3587 866 3637 Hanc
890 3587 1404 3651 interpretationem
1423 3591 1518 3640 vix
1544 3590 1787 3640 admittit
1810 3590 2163 3656 participium
2191 3590 2413 3640 aoristi:
2438 3583 2641 3656 ταμών
2661 3619 2726 3627 —-

490 3662 844 3737 ἐνεμάσσετο.
915 3676 1208 3737 praeterea
1246 3688 1314 3723 ea
1351 3675 1623 3725 enuntiati
1661 3680 1745 3725 est
1780 3676 1949 3734 rati0,
1986 3680 2047 3724 ut
2081 3691 2187 3725 nec
2224 3677 2283 3724 in
2320 3677 2402 3726 eis
2439 3691 2582 3740 quae
2626 3693 2726 3726 an-

488 3756 822 3806 tecedebant
855 3772 1034 3822 neque
1061 3757 1120 3806 in
1147 3759 1228 3808 eis
1254 3773 1394 3823 quae
1421 3761 1793 3824 sequebantur
1819 3761 2056 3810 indicari
2090 3761 2347 3825 potuerit,
2384 3761 2495 3810 ista
2532 3767 2726 3827 empta

490 3856 612 3892 esse
632 3841 798 3892 mala.
852 3847 1094 3893 ceterum
1113 3842 1340 3894 mirifice
1359 3845 1550 3911 lapsus
1574 3846 1732 3895 estin
1750 3846 2210 3910 interpretatione
2232 3843 2395 3894 huius
2419 3844 2727 3910 fragmenti

486 3927 874 3978 Boetticherus
919 3928 1286 3979 Baumkultus
1332 3946 1385 3995 p.
1432 3933 1558 3983 473:
1628 3932 1792 3980 Dass
1846 3933 1949 3981 die
1998 3930 2331 3980 Thebaner
2378 3930 2513 3980 sich
2559 3932 2727 3980 auch

487 4014 592 4060 mit
636 4013 830 4062 Recht
881 4016 992 4063 des
1036 4014 1336 4065 Besitzes
1389 4031 1505 4066 von
1550 4015 1744 4065 Sidus
1794 4016 2087 4065 ruelzmen
2138 4015 2417 4066 konnten
2464 4016 2725 4078 sprechen

486 4095 618 4144 wohl
651 4098 732 4146 die
778 4098 960 4148 Worte
995 4101 1086 4149 des
1129 4101 1398 4150 Nikander
1433 4117 1553 4151 aas:
1597 4100 1847 4150 Alsobald
1886 4102 2075 4150 scania
2117 4117 2177 4150 er
2214 4118 2311 4152 von
2358 4101 2456 4150 den
2494 4100 2727 4150 Gacrten

489 4193 549 4226 zu
585 4178 739 4229 Sidus
775 4184 900 4231 oder
933 4184 1154 4234 Pleistos
1189 4188 1270 4235 die
1307 4186 1503 4249 Aepl'el
1534 4188 1621 4235 mit
1654 4186 1915 4235 scleocnem
1957 4187 2145 4250 Pflaum
2179 4188 2283 4235 und
2326 4185 2581 4236 stekkte
2626 4187 2725 4235 sie

489 4263 547 4310 in
585 4263 684 4312 die
721 4263 968 4328 Spar-en
1005 4269 1110 4316 des
1147 4269 1436 4320 Kadmos.
