2917 4992
1052 339 1473 404 -17-..

175 514 505 592 fragmentis
546 513 666 574 huc
722 514 960 574 faciunt
1001 521 1089 588 79,
1136 523 1187 588 5,
1238 523 1342 576 150
1381 514 1541 594 ng.
1630 523 1817 595 atque
1878 514 2145 577 eundem
2191 515 2377 579 Calli·

174 617 422 676 machum
464 618 552 675 ita
596 617 740 676 audi
783 610 848 672 ἐν
890 614 977 698 τῷ
1018 613 1288 696 γραφείῳ
1311 611 1362 694 ¹)
1411 615 1492 676 de
1535 614 1903 677 Archilocho
1946 618 2331 697 loquentem:

393 732 626 794 εἵλκυσε
671 729 736 794 δὲ
781 726 999 810 δριμύν
1044 755 1102 793 τε
1146 728 1322 811 χόλον
1367 723 1547 806 κυνός
1589 723 1695 808 ὀξύ
1739 755 1799 794 τε
1842 733 2087 812 κέντρον

480 831 739 912 σφηκός,
781 827 886 894 ἀπ’
933 827 1284 916 ἀμφοτέρων
1328 824 1384 894 δ’
1433 825 1526 895 ι’ὸν
1572 833 1687 914 ἔχει
1731 830 2051 912 στομάτων.

177 975 331 1034 quem
381 957 626 1015 titulum
680 976 808 1015 una
867 977 1002 1016 cum
1050 958 1368 1032 fraymenio
1425 961 1639 1032 aliquot
1694 975 1952 1016 versuum
2009 958 2085 1018 ab
2141 958 2377 1019 inedito

178 1057 412 1135 quodam
467 1059 857 1136 grammatico
907 1055 1071 1135 (cod.
1117 1059 1314 1118 PariS.
1367 1056 1527 1135 1773)
1585 1067 1896 1118 servatum
1954 1079 2090 1119 esse
2146 1062 2378 1139 primus

177 1157 450 1218 indicavit
471 1160 846 1219 Duebnerus
893 1161 957 1218 in
987 1158 1268 1219 Hesiodo
1299 1160 1640 1220 Didotiano
1687 1159 1961 1241 append.
1994 1184 2055 1241 p.
2087 1170 2174 1222 44.
2222 1163 2379 1220 inte-

176 1279 322 1336 grum
358 1261 562 1320 locum
609 1262 685 1320 ab
744 1261 850 1319 illo
898 1269 1216 1340 acceptum
1259 1262 1597 1340 publicavit
1636 1262 1945 1342 Bergkius
1992 1272 2376 1322 commentat.

176 1361 282 1418 crit.
321 1381 482 1440 spec.
516 1363 713 1421 Marb.
753 1369 884 1423 1844
928 1384 990 1441 p.
1030 1369 1122 1424 16:
1167 1358 1269 1419 και
1313 1351 1428 1441 γὰρ
1474 1362 1845 1441 Καλλίμαχος
1888 1359 2024 1440 περὶ
2062 1353 2380 1478 Ἀρχελάου

179 1457 330 1537 λέγων
373 1457 436 1519 ἐν
483 1465 566 1542 τῷ
609 1461 874 1544 γραφίω
863 1461 1092 1538 φησίν.
1155 1460 1416 1522 Εἴλκυσε
1465 1456 1682 1542 δριμύν
1728 1485 1787 1522 τε
1832 1457 2007 1542 χόλον
2053 1454 2267 1537 κυνὸς,
2315 1457 2380 1538 ὅς

177 1553 250 1618 ἐπ’
303 1551 649 1639 ἀμφοτέρων
705 1553 798 1621 adv
858 1560 1020 1641 ἐκχεῖ
1067 1555 1403 1641 στομάτων,
1463 1557 1780 1644 ὀξυντερον
1830 1563 2077 1644 κέντρου
2121 1559 2378 1641 σφηκός.

178 1663 362 1723 eadem
429 1665 660 1725 deinde
727 1667 1148 1727 emendatiora
1215 1667 1413 1726 edidit
1479 1669 1542 1726 in
1610 1667 1912 1728 anecdoto
1969 1668 2377 1728 Ambrosiano

174 1765 238 1823 H.
274 1767 507 1826 Keilius
555 1768 742 1826 anall.
789 1787 1036 1847 gramm.
1084 1769 1228 1828 Hal.
1267 1776 1402 1832 1848
1445 1791 1508 1848 p.
1540 1778 1604 1831 6:
1649 1772 1945 1847 μαρτυρεῖ
1980 1765 2044 1827 δὲ
2088 1768 2175 1850 τῷ
2218 1762 2378 1852 λόγῳ

176 1857 311 1925 καὶὸ
353 1857 601 1943 ποιητὴς
633 1866 1035 1945 Καλλίμαχος·
1084 1866 1183 1928 καὶ
1227 1859 1340 1948 γὰρ
1385 1867 1519 1946 περὶ
1565 1869 1669 1928 τοῦ
1693 1858 2034 1946 Ἀρχιλόχου
2078 1865 2262 1947 λέγων
2310 1867 2375 1928 ἐν

178 1967 244 2048 τῷ
287 1969 548 2050 γραφείῳ
607 1966 795 2045 φησὶν
851 1961 1069 2039 οὕτως·
1136 1967 1403 2030 Εἴλκυσέ
1453 1992 1514 2029 τε
1570 1964 1790 2048 δριμύν
1847 1992 1907 2030 τε
1968 1963 2144 2047 λόχον
2202 1962 2381 2043 κυνὸς

179 2089 220 2126 e.
259 2091 311 2149 q.
354 2093 402 2130 s.
447 2080 514 2130 ut
557 2091 762 2151 supra.
836 2071 1006 2130 unde
1054 2071 1362 2132 distichon
1405 2071 1561 2132 illud
1608 2075 2101 2133 constituendum
2144 2075 2381 2133 monuit

179 2169 656 2233 Schneidewinus
701 2173 915 2252 philol.
947 2174 1049 2232 III
1080 2194 1142 2252 p.
1173 2181 1295 2246 536,
1343 2173 1633 2253 idemque
1678 2195 1841 2234 nunc
1884 2176 2109 2232 leniter
2156 2174 2379 2252 depra-

178 2282 350 2334 vatum
392 2275 507 2338 sed
537 2297 574 2334 a
607 2274 962 2336 Gaisfordio
1007 2274 1167 2334 male
1210 2277 1617 2336 instauratum
1660 2277 1979 2335 invenitur
2022 2277 2087 2334 in
2134 2277 2379 2335 scholiis

180 2373 448 2453 Saybant.
496 2377 577 2436 ad
619 2378 964 2456 Hephaest.
1013 2376 1112 2436 ed.
1158 2378 1225 2436 II
1273 2377 1471 2439 Gaisf.
1518 2399 1579 2457 p.
1630 2387 1749 2441 169.

316 2479 601 2538 Eundem
673 2499 843 2538 vero·
891 2477 1288 2558 Antipatrum
1359 2481 1981 2539 Thessalonicensem
2054 2481 2119 2538 in
2198 2481 2377 2539 simili

179 2596 362 2639 caussa
407 2580 782 2640 Callimacho
827 2588 992 2639 tecte
1039 2579 1354 2641 adversari
1398 2580 1585 2641 video
1633 2582 1798 2639 anth.
1848 2582 1917 2638 P.
1964 2581 2092 2639 VII
2135 2589 2265 2643 409:

290 2763 324 2828 ¹)
361 2767 690 2816 Duebnerus
741 2767 1025 2830 γραφεῖον
1071 2781 1192 2814 011111
1231 2765 1549 2815 Antimachi
1587 2763 1806 2820 δελτοῖς
1852 2762 2213 2828 comparavit.
2284 2763 2379 2812 sed

181 2846 350 2898 librum
369 2867 528 2901 nemo
548 2851 698 2900 dicet
721 2849 926 2900 stilum.
965 2849 1239 2916 Bergkius
1261 2850 1504 2900 coniecit
1524 2841 1586 2900 ἒν
1610 2847 1686 2915 τῷ
1709 2845 2381 2915 γρίφῳ,80111101ᾶο1νὶ11113

179 2923 230 2979 ἓν
248 2931 314 2997 τῷ
349 2926 397 2999 γ’
435 2929 655 2997 αἰτίων,
684 2933 750 2986 Ο.
777 2933 1145 2984 Schneiderus
1179 2934 1426 3000 prolegg.
1453 2935 1511 2983 in
1538 2938 1645 2984 aet.
1674 2950 1725 2999 p.
1752 2937 1783 2984 3
1810 2933 2097 2997 aliquanto
2122 2931 2381 2996 probabi-

181 3014 268 3066 lius
290 3009 348 3068 §v
379 3015 463 3083 τῷ
501 3009 881 3084 ἔπιγροιφείῳ,
923 3035 1026 3083 quo
1062 3019 1222 3070 titulo
1258 3020 1651 3084 inscriptiones
1688 3019 1819 3068 illas
1842 3017 2103 3067 librorum
2126 3017 2378 3082 poeticas

182 3100 388 3152 indicari
422 3103 544 3154 vult
581 3105 698 3154 sive
735 3105 966 3154 seorsim
1004 3105 1185 3154 editas
1221 3105 1342 3154 sive
1377 3110 1439 3152 ut
1474 3095 1737 3154 πινάκων
1762 3117 1891 3168 pars
1918 3106 2119 3152 essent.
2175 3105 2235 3150 at
2258 3117 2378 3150 cum

183 3184 356 3237 tabulis
390 3189 486 3240 vix
520 3192 656 3253 puto
691 3189 1106 3254 epigrammatis
1143 3188 1256 3237 illis
1293 3186 1464 3238 ullam
1501 3189 1770 3237 rationem
1796 3186 2196 3236 intercessisse.
2246 3183 2382 3232 mihi

184 3271 401 3340 quotiens
437 3287 561 3322 011111
608 3274 666 3321 in
703 3272 921 3322 titulum
959 3274 1124 3323 istum
1162 3273 1379 3323 intueor
1413 3277 1527 3322 tum
1565 3273 1621 3321 in
1658 3269 1954 3336 fragmenti
1991 3283 2189 3334 genuS,
2240 3267 2382 3332 quod

185 3353 564 3420 epigrammatis
589 3359 944 3408 manifestam
971 3373 1104 3423 prae
1131 3372 1192 3407 se
1218 3357 1330 3407 fert
1348 3355 1830 3424 speciem,totiens
1848 3353 2179 3403 Varronis
2216 3353 2381 3402 ima·

185 3437 344 3499 gines
369 3442 552 3492 animo
572 3446 880 3492 occurrunt.
919 3457 1247 3507 quamquam
1275 3444 1420 3492 enim
1446 3442 1788 3492 adiectarum
1814 3439 2109 3504 figurarum
2127 3439 2381 3503 benignis-

183 3522 318 3572 simum
338 3527 587 3576 inventum
611 3527 736 3577 nolo
758 3527 997 3577 Varroni
1032 3527 1344 3589 detrahere,
1383 3531 1569 3576 tamen
1594 3525 1766 3575 facile
1791 3528 1976 3590 potest
2001 3522 2379 3572 Callimachus

185 3603 245 3654 ita
275 3610 574 3674 praeivisse
625 3610 774 3660 illius
810 3627 1066 3676 operam,
1107 3615 1169 3661 ut
1205 3611 1488 3662 titulorum
1538 3610 1941 3660 conlectionem
1984 3608 2255 3658 translata
2287 3621 2382 3655 no-

183 3689 304 3744 tione
337 3695 620 3762 γραφεῖον
646 3695 982 3760 appellatam
1011 3696 1261 3759 ediderit,
1298 3700 1489 3761 utpote
1517 3711 1625 3760 qua
1653 3695 1894 3745 auctoris
1920 3695 2181 3758 cuiusque
2208 3692 2381 3740 forma

186 3778 312 3838 quasi
353 3777 680 3845 quibusdam
725 3779 1080 3830 lineamentis
1128 3780 1295 3830 fuerit
1343 3766 1694 3830 adumbrata.
1764 3780 1853 3829 cui
1890 3783 2037 3827 esset
2072 3777 2379 3837 finitimum,

184 3868 228 3908 ut
257 3863 360 3914 alia
396 3867 665 3926 omittam,
706 3864 847 3929 quod
883 3864 1200 3914 Eudoxus
1236 3865 1436 3915 librum
1473 3879 1627 3914 suum
1654 3862 2075 3914 astronomicum
2100 3859 2383 3922 inscripsit

187 3940 468 4015 εἴσοπτρον.
541 3949 690 4000 haud
739 3950 939 4015 exigua
984 3953 1169 4000 autem
1217 3951 1569 4014 coniecturae
1614 3963 1772 3997 meae
1810 3947 1935 3995 inde
1976 3944 2197 3994 accedit
2232 3959 2380 3992 com—

185 4033 453 4097 mendatio,
503 4035 650 4100 quod
684 4035 986 4086 Varronem
1031 4035 1091 4083 in
1131 4035 1394 4086 librorum
1439 4047 1656 4083 suorum
1703 4033 2041 4095 argumentis
2091 4045 2156 4079 ac
2202 4027 2382 4077 titulis

159 4107 360 4176 'graeca
406 4119 728 4186 plerumque
778 4119 1108 4169 aemulatum
1157 4134 1281 4170 esse
1330 4116 1584 4182 exempla
1629 4129 1773 4164 nunc
1811 4117 2093 4178 comperta
2139 4127 2229 4162 res
2278 4116 2381 4161 est.

186 4202 228 4246 et
255 4201 418 4267 ipsum
454 4203 859 4254 Callimachum
896 4219 1004 4254 non
1040 4219 1150 4254 una
1187 4206 1244 4253 in
1282 4219 1339 4253 re
1376 4201 1473 4252 ille
1508 4201 1729 4253 videtur
1753 4201 1995 4250 secutus.
2058 4198 2213 4248 aetia
2240 4211 2383 4251 com·

183 4296 480 4340 memorasse
518 4304 664 4338 nunc
700 4290 838 4339 satis
880 4287 1080 4340 habeo,

235 4385 494 4438 0111111111,
535 4388 763 4423 canam.
1937 4366 1979 4429 2
