2917 4992
1037 331 1456 394 ...81-

412 491 630 574 ’Ἐλκος
675 501 823 581 ἔχων
865 489 898 562 ὃ
943 503 1132 576 ξεῖνος
1176 494 1531 563 ἐλάνθανεν.
1588 492 1665 576 ὦς
1706 494 1960 581 ἆνιηρόν

534 604 766 682 πνεῦμα
811 595 909 663 διὰ
954 601 1227 680 στηθέων
1272 597 1426 677 εἶδες
1468 593 1795 685 ἆνηγοὶγετο
1812 648 1829 681 ,

434 697 498 764 τὸ
543 707 739 782 τρίτον
781 699 948 782 ἡνίκ’
998 704 1194 783 ἔπινε,
1239 699 1420 780 τὰδὲ
1464 699 1615 788 ῥόδα
1658 707 2269 785 φυλλοβολεῦντα

533 796 790 887 τῶνδρός
833 798 951 868 ἆπὸ
994 802 1306 886 στεφάνων
1349 797 1527 868 πάντ’
1578 805 1848 887 ἐγένοντο
1892 811 2077 888 χαμαί
2088 797 2176 886 3¹)-

435 901 696 986 ὤπτηται
739 907 886 989 μέγα
932 904 1007 987 δή
1049 933 1126 972 τι.
1184 900 1265 989 μᾶ
1311 909 1619 988 δαίμονας,
1664 899 1775 970 οὐκ
1818 901 1937 971 ἆπό
1982 909 2212 992 ρυσμοῦ

535 1007 768 1088 εἰκάζω,
813 1000 1015 1091 φωρὸς
1053 1000 1108 1070 δ’
1161 1009 1324 1090 ἴχνια
1368 1000 1505 1089 φωρ
1550 1009 1799 1089 ἔμαθον.

161 1132 223 1190 cf.
243 1131 464 1190 Athen.
485 1132 611 1192 XV
633 1153 696 1212 Ρ.
717 1141 865 1196 6690
891 1141 952 1192 et
977 1133 1352 1213 epigramma
1375 1132 1770 1211 Asclepiadis
1794 1133 1964 1196 anth.
1986 1134 2061 1193 P.
2086 1134 2223 1193 XII
2248 1144 2365 1197 135.

159 1241 336 1311 potest
377 1243 584 1292 tamen
627 1234 736 1293 ille
783 1254 1028 1314 quoque
1071 1255 1203 1294 mos
1248 1235 1507 1314 respici,
1557 1255 1677 1314 quo
1722 1235 2007 1313 lugentes
2054 1244 2218 1295 serta
2260 1235 2364 1294 de-

158 1334 464 1412 ponebant.
539 1335 617 1395 cf.
661 1335 892 1395 Athen.
938 1337 1064 1396 XV
1107 1356 1170 1415 p.
1217 1343 1320 1399 675
1346 1355 1400 1394 a.

298 1438 378 1496 Et
431 1435 719 1496 attendas
775 1437 987 1512 etiam,
1058 1436 1224 1518 quod
1270 1457 1467 1516 genus
1526 1437 1808 1498 arborum
1851 1447 2041 1518 poeta
2087 1440 2365 1518 elegerit.

161 1557 485 1616 cupressum
529 1547 714 1596 atram
756 1540 824 1597 in
869 1539 1080 1618 primis
1127 1538 1309 1598 decet
1351 1539 1549 1598 luctus
1596 1559 1667 1598 ac
1710 1541 1974 1613 tristitia,
2022 1560 2157 1599 cum
2187 1541 2367 1600 arbor

160 1641 226 1698 sit
263 1638 557 1717 lugubris.
604 1640 681 1699 cf.
712 1640 1171 1699 Boetticherum
1199 1639 1603 1699 Baumkultus
1634 1660 1697 1719 p.
1728 1647 1831 1702 487
1863 1660 2003 1720 sqq.
2078 1661 2151 1700 ac
2181 1642 2364 1720 pinus

156 1741 208 1798 in
247 1741 462 1802 fabulis
510 1761 758 1821 quoque
821 1749 1055 1800 amatur
1074 1786 1089 1814 ,
1159 1761 1341 1821 quam
1383 1741 1521 1800 Pan
1572 1749 1634 1800 et
1676 1741 1856 1820 petiit
1898 1743 2201 1819 virginem
2246 1762 2365 1802 nec

154 1843 454 1919 postea·in
501 1842 782 1902 arborem
826 1851 1118 1902 mutatam
1161 1863 1291 1902 non
1338 1842 1575 1915 dilexit,
1622 1843 1779 1902 sicut
1821 1843 2179 1922 Propertius
2225 1845 2265 1920 l.
2313 1863 2361 1902 c.

156 1946 372 2002 Arcadio
411 1949 582 2018 pinus
613 1954 799 2001 amata
831 1948 945 2002 deo.
1022 1945 1098 2003 cf.
1133 1945 1435 2004 Seilerum
1467 1944 1547 2002 ad
1576 1945 1859 2022 Longum
1890 1945 1959 2004 H
1986 1953 2017 2007 7
2049 1965 2111 2024 Ρ.
2143 1954 2247 2006 222
2271 1967 2363 2025 sq.

159 2041 394 2104 Ovidius
427 2065 482 2104 a.
516 2067 570 2104 a.
604 2045 710 2104 III
732 2052 835 2108 692
865 2047 1080 2125 pinum
1125 2044 1275 2104 dicit
1303 2049 1533 2104 cultam.
1624 2055 1891 2104 ceterum
1936 2053 1998 2104 et
2042 2066 2365 2125 cupressus

156 2145 351 2206 fabulis
423 2146 749 2206 nobilitata
815 2154 948 2206 erat
1014 2148 1207 2228 inque
1271 2146 1584 2206 hominum
1651 2148 1826 2226 quasi
1891 2147 2367 2206 familiaritatem

153 2256 404 2307 venerat.
467 2249 544 2306 cf.
581 2246 699 2306 Ov.
730 2257 875 2306 met.
905 2249 971 2306 X
1003 2257 1195 2310 106—
1221 2256 1347 2322 142,
1397 2245 1573 2306 Serv·
1609 2245 1691 2304 ad
1719 2247 1881 2306 Aen.
1914 2246 2017 2305 III
2045 2255 2131 2320 64,
2164 2256 2269 2311 680
2292 2246 2363 2324 ²).

297 2351 494 2408 Totus
539 2369 688 2408 vero
733 2349 834 2408 hic
876 2350 1076 2426 locuS,
1140 2370 1323 2431 quem
1364 2350 1703 2409 universim
1745 2349 1867 2407 iam
1912 2347 2364 2429 descripsimus,

155 2451 326 2529 qualis
393 2451 582 2510 fuerit
641 2451 809 2530 apud
877 2450 1314 2510 Callimachum
1374 2469 1571 2531 prope
1627 2451 1872 2510 modum
1929 2469 2054 2508 non
2110 2451 2232 2509 nisi
2290 2471 2369 2510 ex

152 2551 570 2612 Aristaenetea
612 2553 903 2630 cognosci
946 2553 1311 2632 paraphrasi
1341 2571 1528 2630 aegre
1559 2553 1829 2611 ferimus.
1920 2552 2151 2610 etenim
2178 2572 2367 2610 unum

153 2663 416 2733 superest
460 2673 580 2734 quo
626 2654 797 2713 illum
851 2655 1244 2714 inlustremus
1300 2662 1529 2733 poetae
1584 2653 2012 2730 fragmentum.
2100 2671 2243 2710 nam
2288 2651 2365 2712 ab

153 2753 582 2816 Aristaeneteis
635 2741 676 2828 ἢ
733 2755 884 2832 γοῦν
938 2755 1193 2814 τοσαῦτα
1248 2743 1399 2812 κατὰ
1441 2753 1563 2812 τῶν
1620 2751 1849 2828 φλοιῶν
1894 2747 2369 2829 ἐγκεκολαμμένα

153 2853 366 2931 φέροιτε
409 2847 746 2937 γράμματα,
789 2845 904 2914 ’ὅσα
947 2846 1058 2932 τὴν
1103 2854 1426 2931 Κυδίππην
1472 2847 1819 2931 ἐπονομάζει
1861 2844 2052 2928 καλήν
2093 2855 2367 2934 proxime

156 2957 355 3020 abesse
405 2967 669 3039 apparet
701 2958 939 3018 Gallim.
974 2959 1090 3038 frg.
1127 2970 1242 3033 101,
1291 2957 1457 3039 quod
1492 2965 1584 3016 est
1628 2958 1692 3016 in
1724 2957 1911 3017 schol.
1944 2956 2023 3016 ad
2052 2957 2367 3037 Aristoph.

153 3059 287 3119 Ach.
331 3068 466 3124 144:
525 3057 686 3117 ἴδιον
731 3055 990 3132 ἐραστῶν
1035 3045 1134 3135 ἦν,
1179 3051 1249 3116 tn}
1293 3058 1413 3118 τῶν
1459 3054 1768 3134 ἐρωμένων
1813 3048 2072 3134 ὀνόματα
2114 3052 2371 3137 γράφειν

153 3155 202 3215 ἕν
239 3165 364 3232 τοῖς
407 3159 622 3237 τοίχοις
667 3151 704 3236 ἢ
752 3159 1018 3234 δένδροις
1071 3148 1111 3236 ἢ
1157 3153 1402 3235 φύλλοις
1444 3150 1661 3230 οὕτως·
1715 3149 1747 3218 ὅ
1796 3157 1961 3218 δεῖνα
2003 3152 2201 3230 καλός.
2264 3155 2366 3217 καὶ

153 3253 290 3338 παρὰ
333 3256 720 3343 Καλλιμάχῳ·

433 3373 563 3440 ἀλλ’
613 3377 702 3440 ἐνὶ
749 3370 820 3456 δὴ
867 3374 1145 3457 φύλλοισι
1189 3377 1521 3457 κεκομμένα
1562 3370 1740 3438 τόσσα
1784 3375 2018 3456 φέροιτε
2388 3389 2465 3432 xn

538 3477 870 3564 γράμματα,
915 3481 1239 3558 Κυδίππην
1284 3471 1410 3540 ὅσσ’
1463 3477 1690 3562 ἐρέουσι
1734 3472 1941 3557 καλήν.

300 3604 625 3664 Bentleius
658 3605 934 3685 quamvis
979 3603 1375 3682 paraphrasis
1406 3603 1880 3662 Aristaeneteae
1914 3609 2077 3661 esset
2119 3601 2369 3679 ignarus

156 3707 404 3766 correxit
456 3692 608 3781 366⁹,
681 3726 815 3766 cum
889 3705 1125 3765 Aldina
1192 3703 1453 3765 haberet
1515 3694 1625 3778 ὥς,
1700 3714 1762 3764 et
1825 3705 2117 3779 φλοιοῖσι,
2160 3702 2367 3761 'scho-

274 3941 312 4008 ¹)
349 3944 442 3994 Ita
477 3943 623 3993 enim
660 3943 1157 4008 interpungendum
1193 3927 1300 3995 est.

269 4043 314 4110 ²)
351 4045 427 4095 Hi
463 4048 694 4094 narrant
719 4045 1076 4115 Cyparissum
1109 4045 1364 4095 iuvenem
1393 4045 1450 4092 in
1478 4042 1728 4092 arborem
1754 4053 1875 4090 esse
1901 4038 2367 4091 transformatum.

159 4125 244 4176 alii
274 4129 524 4179 referunt
561 4129 804 4195 puellam
841 4130 1012 4180 fuisse
1052 4129 1424 4195 Cyparissam.
1465 4126 1537 4176 cf.
1574 4125 1985 4176 Boetticherum
2021 4123 2059 4173 1.
2086 4140 2133 4173 c.
2172 4140 2225 4189 p.
2249 4125 2369 4174 490.

155 4216 374 4278 namque
409 4213 636 4265 Servius
673 4215 744 4264 ad
777 4214 915 4268 Aen.
941 4213 1045 4277 ΙΙΙ,
1071 4216 1163 4264 64:
1203 4216 1302 4264 duo
1337 4215 1444 4263 eins
1478 4217 1597 4261 sunt
1626 4225 1833 4275 yenera,
1871 4225 1985 4257 nam
2018 4225 2148 4273 quae
2181 4210 2373 4260 sterilis

155 4304 235 4356 est,
275 4299 516 4362 femina
550 4300 741 4350 dicitur
766 4337 781 4352 .
801 4331 815 4349 b
839 4334 853 4348 .
876 4335 888 4348 .
917 4306 1108 4350 contra·
1131 4314 1258 4348 mas
1294 4298 1445 4347 latius
1478 4297 1683 4361 Spar-,qil
1714 4310 1883 4346 remos
1920 4288 1969 4344 e.
1997 4309 2045 4359 q.
2070 4309 2117 4344 s-
2164 4288 2171 4293 “

214 4398 488 4450 muner,
531 4399 762 4436 canum.
1923 4377 1965 4442 6
