2917 4992
1331 295 1759 358 -72..„

424 491 512 532 σει
556 463 656 531 τὸν
701 468 921 550 πατέρα
965 464 1206 550 φεύγων
1252 466 1473 545 ἐφοίτα.
1546 471 1735 529 schol.
1783 470 1974 548 Soph.
2022 469 2235 548 Antig.
2280 480 2350 532 80
2396 469 2683 547 (Gallim

429 579 544 655 frg.
576 574 706 653 26):
752 567 856 645 τὰς
883 564 995 652 γὰρ
1038 564 1362 646 προφάσεις
1391 563 1692 648 προχᾶνας
1720 565 2003 642 ἐκάλουν,
2054 558 2133 640 ὥς
2164 567 2264 628 καὶ
2298 568 2685 648 Καλλίμαχος

357 719 398 760 Χ
829 701 1132 787 οἱγραδετω
1172 701 1428 790 πάσῃσιν
1474 701 1571 764 ἐπι
1613 698 2003 784 προχᾶναισιν
2046 701 2253 779 ἐφοίτα

430 843 494 904 ἕν
535 846 620 928 τῷ
661 845 700 923 23
739 843 982 904 Αἰτίων.

600 965 783 1044 Quod
833 964 1191 1024 Callimachi
1235 964 1646 1042 fragmentum
1691 962 1767 1021 ab
1799 963 2199 1023 Aristaeneto
2246 965 2313 1023 in
2358 965 2479 1023 illis
2530 984 2682 1024 esse

432 1087 790 1147 expressum
811 1065 1162 1125 observavit
1182 1066 1593 1125 Ruhnkenius
1619 1085 1718 1142 ep.
1737 1065 1867 1123 crit.
1887 1067 1955 1123 II
1979 1086 2040 1143 p.
2064 1073 2176 1136 178,
2204 1066 2300 1124 cui
2322 1066 2679 1123 assentiun-

429 1179 527 1228 tur
562 1170 896 1228 Piersonus
942 1167 1209 1226 verisim.
1254 1187 1315 1246 p.
1349 1174 1418 1228 99
1462 1175 1523 1225 et
1553 1166 2001 1227 Valckenarius
2047 1167 2207 1246 frgg.
2252 1168 2409 1244 eleg.
2448 1186 2513 1245 p.
2545 1175 2680 1225 ⁶222.

365 1323 369 1326 .
431 1271 752 1350 proposita
824 1278 1027 1327 autem
1087 1277 1218 1327 erat
1275 1269 1363 1326 eis
1430 1268 1579 1326 viris
1647 1267 1937 1327 editionis
1991 1269 2311 1327 Romanae
2374 1269 2683 1346 scriptura

429 1360 756 1449 ἆγροδέτω,
832 1369 1002 1428 unde
1066 1368 1392 1428 Bentleius
1457 1358 1680 1446 ἆγρόθι
1744 1387 1877 1442 ποι,
1946 1370 2223 1448 Toupius
2292 1370 2470 1448 epist.
2540 1370 2679 1429 crit.

431 1494 494 1553 p.
539 1481 636 1535 481
685 1462 974 1548 ἀγρόνδε,
1031 1470 1485 1531 Valckenarius
1544 1457 1754 1547 ἆγρόσε
1797 1487 1904 1528 τοι.
1997 1469 2214 1549 quibus
2261 1490 2341 1530 ne
2394 1471 2679 1530 immore-

431 1595 587 1648 mur,
656 1571 1044 1631 redeundum
1109 1559 1189 1631 aid
1255 1572 1663 1632 Laurentiani
1732 1573 2091 1650 scripturam
2157 1561 2393 1648 ἅγραδε.
2496 1573 2681 1631 huius
2792 1584 2803 1588 “

434 1677 598 1735 enim
629 1675 861 1734 formae
906 1674 1326 1751 integritatem
1369 1675 1732 1733 confirmant
1761 1673 2131 1752 Apollonius
2165 1673 2243 1731 de
2279 1672 2423 1732 adv.
2455 1694 2516 1752 p.
2551 1681 2679 1747 594,

431 1788 518 1837 25.
565 1784 686 1848 616,
731 1785 818 1836 20.
865 1783 987 1848 617,
1019 1784 1104 1847 21,
1151 1776 1422 1833 Ioannes
1453 1775 1633 1834 Alex.
1668 1795 1730 1854 p.
1764 1783 1850 1849 34,
1882 1783 1934 1850 7,
1982 1775 2331 1853 Hesychius
2369 1761 2678 1846 Ὡλέναδε,

351 1925 358 1934 .
436 1878 708 1957 denique
739 1877 930 1936 schol.
962 1877 1037 1935 11.
1071 1875 1140 1930 H
1163 1884 1284 1950 697,
1331 1874 1438 1934 ubi
1468 1876 1760 1935 Lehrsius
1795 1884 2060 1956 quaestt.
2096 1897 2194 1956 ep.
2229 1897 2291 1955 p.
2324 1885 2385 1936 41
2419 1865 2681 1953 ἀγρόνδε

387 2049 399 2060 ,
435 1979 684 2055 corrigit
739 1967 975 2055 ἅγραδε.
1080 1977 1183 2057 qui
1252 1998 1386 2036 cum
1453 1978 1729 2036 universi
1795 1986 2082 2037 testatum
2149 1978 2383 2036 faciant
2454 1967 2685 2056 ἄγραδε

437 2080 664 2138 dictum
710 2099 846 2138 esse
892 2100 1002 2158 pro
1046 2069 1331 2156 ἀγρόνδε,
1377 2080 1718 2158 respiciunt
1763 2079 2090 2139 manifesto
2138 2079 2217 2138 ad
2262 2081 2433 2138 illum
2476 2080 2680 2158 ipsum

437 2182 797 2241 Callimachi
850 2182 1234 2240 versiculum.
1327 2200 1444 2239 nec
1517 2179 1859 2240 dubitasset
1915 2181 2139 2259 opinor
2190 2180 2540 2248 Lobeckius
2596 2183 2683 2241 ad

434 2284 793 2341 Buttmanni
824 2302 1071 2359 gramm.
1103 2302 1263 2340 max.
1295 2282 1363 2341 Π
1392 2303 1456 2360 p.
1490 2291 1587 2343 351
1608 2327 1621 2353 ‚
1668 2290 1866 2340 utrum
1906 2284 2429 2359 grammaticorum
2458 2272 2687 2360 ἅγραδε

437 2403 547 2462 pro
595 2384 845 2440 nomine
891 2382 972 2441 sit
1015 2383 1395 2460 appellativo
1455 2403 1537 2441 an
1582 2383 1836 2462 proprio
1881 2382 2235 2442 habendum
2261 2381 2329 2461 ¹),
2387 2385 2454 2443 si·
2484 2385 2689 2444 scholi

435 2484 840 2542 Laurentiani
890 2503 1099 2542 veram
1154 2493 1368 2543 nosset
1425 2488 1790 2563 scripturam
1845 2473 2081 2560 ἅγραδε.
2170 2485 2320 2564 quid
2363 2505 2511 2545 vero
2559 2487 2687 2546 isto

437 2607 520 2642 τω
562 2584 914 2644 faciendum
958 2585 1053 2657 sit,
1100 2582 1267 2642 haud
1311 2585 1460 2644 satis
1507 2585 1722 2664 liquet.
1810 2583 1916 2660 τοί,
1966 2586 2132 2666 quod
2176 2588 2373 2646 voluit
2416 2586 2689 2646 Valcke-

438 2688 677 2759 nariu8,
726 2686 1063 2746 rectissima
1091 2685 1370 2745 Meineki
1417 2685 1853 2746 observatione
1887 2686 2124 2748 Callim.
2158 2710 2220 2768 p.
2260 2695 2373 2760 143,
2420 2685 2515 2744 τοί
2541 2709 2689 2766 par-

439 2789 686 2846 ticulam
731 2808 769 2846 a
815 2786 1193 2870 Callimacho
1251 2788 1465 2866 utique
1509 2789 1717 2861 vitari,
1773 2788 2095 2847 reicienda
2151 2790 2473 2848 evincitur.
2564 2810 2693 2848 nee

438 2908 586 2946 vero
633 2885 865 2946 arridet
893 2889 1144 2947 Bentlei
1189 2885 1298 2946 ποί
1333 2889 1483 2947 licet
1510 2889 1887 2948 Buttmanno
1934 2889 2258 2968 probatum
2303 2891 2343 2950 l.
2379 2911 2427 2949 c.
2458 2911 2521 2970 p.
2556 2902 2689 2952 351.

441 2986 730 3066 equidem
773 2987 877 3046 ubi
923 2990 1365 3068 paraphrastae
1397 2988 1642 3066 singula
1672 2990 1863 3049 verba
1892 2987 2026 3050 cum
2060 2990 2489 3051 Callimacheis
2521 3013 2691 3052 com-

440 3110 636 3168 pon0,
685 3109 758 3148 eo
807 3090 1120 3168 opinionis
1163 3089 1380 3164 ducor,
1427 3099 1496 3149 ut
1539 3100 1787 3171 poetam
1831 3093 2152 3171 scripsisse
2198 3101 2436 3172 putem:

827 3213 1047 3303 ὅγραδε
1092 3223 1178 3307 τῷ
1219 3219 1481 3306 πάσῃσιν
1526 3221 1623 3284 ἐπὶ
1668 3217 2036 3306 προχάνῃσιν
2082 3223 2304 3302 ἐφοίτα.

441 3379 600 3438 quae
645 3361 697 3417 si
741 3361 828 3418 ita
871 3361 1364 3440 interpretabere
1407 3362 1619 3436 ‘idem
1666 3364 1925 3438 scilicet,
1976 3365 2121 3444 quia
2164 3373 2403 3444 patrem
2432 3383 2695 3424 revere—

437 3459 643 3530 batur,
691 3480 792 3518 rus
836 3461 1031 3521 itabat
1044 3465 1086 3535 ³,
1133 3462 1198 3522 id
1228 3483 1415 3522 unum
1456 3466 1686 3542 poterit
1716 3464 1901 3538 obici,
1950 3466 2119 3545 quod
2148 3465 2301 3524 illud
2333 3465 2419 3546 τῷ
2447 3467 2699 3526 malunt

443 3567 668 3638 poetae
711 3561 889 3620 initio
935 3583 1150 3623 versus
1195 3584 1457 3642 ponere,
1515 3567 1566 3624 si
1615 3565 1865 3644 quidem
1908 3567 2260 3627 sententiae
2308 3567 2697 3628 continuitas

577 3811 616 3876 ¹)
654 3814 767 3863 Aus
801 3816 900 3864 den
936 3814 1126 3864 stenen
1161 3817 1258 3865 der
1297 3817 1679 3874 Grammatilcer,
1718 3820 1801 3868 die
1834 3835 1930 3869 von
1967 3809 2191 3883 ἅγραδὲ
2219 3820 2489 3884 spreclzen,
2522 3821 2593 3870 ist
2628 3838 2700 3870 es

439 3898 574 3947 nicht
609 3897 738 3956 Mar,
778 3899 840 3950 ob
876 3901 972 3949 das
1007 3898 1304 3964 Appellatio
1339 3903 1469 3951 oder
1503 3903 1599 3952 der
1635 3901 1898 3954 Ortsname
1930 3906 2147 3968 qemeint
2178 3906 2280 3962 sei,
2318 3906 2419 3954 den
2451 3905 2695 3969 Hesyck.

435 3971 706 4032 Ὠλέναδε
749 3973 826 4041 ὥς
850 3967 1087 4046 ’hypatis
1129 4001 1192 4034 zu
1235 3985 1537 4035 bezeichnen
1582 3987 1792 4037 sckeint.
1864 3988 1967 4038 Bei
2003 3989 2333 4038 Callimachus
2366 3988 2699 4040 verbesserte

449 4066 772 4116 Valckenaer
807 4057 1034 4132 α’γρόσε.
1106 4069 1355 4132 Hesychi
1391 4060 1613 4133 ἅγραδε
1640 4071 1711 4121 ad
1734 4071 1870 4122 illud
1898 4071 2232 4122 Callimachi
2258 4073 2364 4138 frg.
2388 4077 2514 4137 post
2538 4072 2699 4125 alios

442 4151 753 4213 nuperrime
789 4151 1004 4202 rettulit
1024 4153 1338 4202 Dindorfius
1377 4153 1448 4204 ad
1474 4153 1637 4219 Soph.
1666 4155 1851 4221 Antig.
1876 4157 1961 4208 80.
2000 4161 2247 4208 ceterum
2282 4156 2349 4206 de
2388 4156 2719 4208 adverhi0-'

442 4247 558 4280 rum
594 4233 754 4283 huius
791 4236 1012 4298 generis
1047 4237 1304 4299 prosodia
1341 4239 1593 4302 exposuit
1628 4238 1889 4290 Lehrsius
1927 4246 2168 4305 quaestt.
2206 4257 2292 4306 ep.
2329 4256 2383 4309 p.
2418 4243 2489 4293 40
2522 4257 2653 4310 sqq.
