2917 4992
1081 303 1499 366 -71—

178 479 251 536 cf.
296 477 363 536 X
406 484 511 539 274
550 497 690 556 sqq.
782 475 946 555 quod
995 475 1073 534 ad
1122 477 1328 536 oculos
1377 497 1455 536 ex
1498 476 1593 536 his
1638 479 1959 537 insomniis
2009 476 2218 550 δεινῶς
2265 466 2414 559 ὥρα-

179 579 458 652 κιῶντας,
511 579 831 637 multorum
883 579 1079 638 instar
1121 579 1201 637 sit
1243 597 1431 637 unum
1472 578 1731 638 Achillis
1772 581 1912 638 Tat.
1959 581 2331 660 exemplum,
2379 585 2414 642 I

177 688 226 754 7,
267 690 332 742 3:
387 667 794 757 ἀνακροτήσας
839 661 948 736 οὖν
992 666 1094 748 wig
1137 681 1334 756 χεῖρας
1375 674 1670 756 ἐξεγέλασε
1712 675 1814 739 καὶ
1858 669 2115 752 ἆναστας
2170 681 2410 757 κατεφί-

180 777 310 856 λησέ
360 799 476 856 μου
532 768 598 838 td
653 775 947 857 ἐμφαῖνον
1004 773 1324 858 πρόσωπον
1390 770 1759 860 ἐρωτικὴν
1821 773 2247 862 ἀγρυπνίαν
2308 781 2409 843 καὶ

179 879 382 963 (ἕρᾷς’
440 873 606 940 εἶπεν
661 877 833 964 ’ἐρᾷς
890 871 1170 956 ἀληθῶς·
1225 880 1291 940 οἱ
1327 871 1641 960 ὀφθαλμοί
1679 898 1785 941 σου
1843 879 2162 963 λέγουσιν)
2252 907 2410 967 quae

179 985 434 1043 imitatus
479 982 728 1043 videtur
756 983 1114 1044 Eustathius
1145 985 1248 1043 111
1285 991 1337 1058 3,
1370 995 1422 1046 4.
1486 985 1565 1044 ad
1614 982 1823 1056 δειναῖς
1851 974 2125 1064 ὦρακιῶν
2169 987 2249 1046 cf.
2280 988 2408 1046 He-

179 1085 343 1164 sych.
393 1075 679 1162 ὦρακιᾶν.
755 1086 850 1144 cll.
899 1085 1188 1165 Sapphus
1234 1085 1351 1162 frg.
1397 1095 1448 1158 2,
1501 1094 1566 1148 13
1608 1107 1747 1166 sqq.

333 1203 438 1264 Ad
497 1223 602 1263 eas
671 1212 876 1264 autem
929 1203 1158 1263 Aconti
1213 1203 1459 1282 vigilias
1513 1205 1922 1265 Buttmannus
1978 1207 2017 1265 l.
2077 1227 2126 1267 c.
2183 1228 2246 1288 p.
2311 1216 2408 1269 124
2496 1221 2499 1225 ’

175 1304 478 1364 revocavit
511 1303 870 1364 Callimachi
901 1304 1017 1382 frg.
1055 1309 1180 1381 150,
1229 1304 1395 1385 quod
1441 1306 1667 1384 legitur
1714 1316 1902 1388 etym.
1932 1329 2009 1367 m.
2044 1328 2105 1386 p.
2142 1316 2259 1382 117,
2311 1317 2404 1371 16:

177 1386 316 1484 (εἶρος
361 1401 460 1463 καὶ
507 1396 730 1483 ἄωρος,
789 1395 940 1462 κατὰ
982 1397 1356 1482 πλεονασμὸν
1397 1406 1505 1465 τοῦ
1546 1428 1587 1465 α
1628 1403 1815 1484 μηδὲν
1858 1405 2040 1470 πλέον
2082 1407 2402 1486 σημαίνον-

171 1525 294 1577 τος·
344 1491 490 1583 εἶρος
535 1498 647 1585 γὰρ
693 1495 726 1564 ὃ
769 1497 988 1578 ὕπνος·
1055 1506 1425 1584 Καλλίμαχος

607 1614 860 1682 πολλάκι
903 1621 1006 1684 καὶ
1051 1625 1302 1684 κανθῶν
1345 1615 1537 1702 ἤλασα
1584 1612 1739 1705 ὦρον
1781 1617 1901 1686 ὕπο

171 1723 264 1784 καὶ
313 1718 546 1802 Σαπφὼ

607 1815 948 1905 ὀφθαλμοῖς
994 1823 1058 1888 δὲ
1099 1825 1302 1906 μέλαις
1345 1819 1561 1900 νυκτὸς
1602 1819 1811 1906 ἄωρος.

171 1980 298 2040 cod.
343 1981 400 2039 D
444 1969 750 2054 ἠλάσσασα
795 1963 973 2060 ὦρον.
1062 1983 1567 2043 Hemsterhusius
1614 1983 1937 2063 proposuit
1981 1973 2151 2058 ἤλασ’
2200 1973 2401 2062 ἄωρον

171 2082 266 2140 vel
315 2071 530 2156 ἤλασεν
585 2067 757 2160 ὦρον.
847 2104 1102 2164 quorum
1155 2084 1304 2158 hoc,
1372 2085 1540 2163 quod
1584 2083 2035 2145 Valckenarius
2082 2087 2399 2165 amplexus

176 2193 259 2242 est
301 2184 453 2262 frgg.
506 2185 666 2263 eleg.
714 2206 776 2264 p.
821 2193 927 2248 293
967 2186 1214 2262 longius
1261 2183 1437 2244 abest
1482 2206 1519 2244 a
1562 2185 1810 2265 prodita
1854 2187 2184 2264 scriptura,
2244 2186 2399 2245 illud

175 2286 593 2345 aButtmanno
626 2295 944 2366 acceptum
974 2286 1252 2346 duriores
1287 2287 1475 2346 efficit
1504 2307 1810 2346 numeros
1860 2297 1922 2346 et
1954 2286 2185 2347 ducunt
2215 2289 2397 2348 etiam

179 2388 494 2465 etymologi
525 2388 716 2447 verba
747 2409 852 2462 eo,
899 2396 966 2447 ut
1008 2389 1074 2446 in
1119 2389 1324 2467 priore
1370 2390 1653 2468 exemplo
1683 2390 1857 2448 malis
1888 2372 2044 2467 ὦρον
2073 2385 2397 2467 servari1).

180 2508 350 2565 quare
393 2487 728 2568 probabilis
772 2489 1017 2548 videtur
1060 2490 1214 2548 haec
1257 2491 1585 2550 correctiot

603 2616 862 2682 πολλάκι
909 2621 1008 2682 καὶ
1054 2623 1303 2682 κανθῶν
1347 2613 1575 2698 ἤλασαν
1620 2608 1775 2702 ὦρον
1818 2613 1957 2682 ἄπο.

183 2777 358 2851 possis
401 2774 678 2852 μερίμναι
710 2778 1000 2856 supplere
1031 2779 1136 2837 vel
1165 2778 1216 2836 si
1250 2775 1397 2856 quid
1443 2776 1701 2836 habebis
1747 2778 1965 2836 simile.
2026 2797 2395 2857 quamquam

185 2877 312 2936 alius
343 2879 603 2938 fortasse
636 2879 900 2937 coniciet
939 2869 1178 2952 ἤλασας.
1241 2877 1355 2938 sed
1399 2878 1930 2957 interpretationis
1975 2880 2148 2938 varia
2191 2886 2397 2958 potest

186 2978 314 3036 ratio
355 2980 516 3038 iniri.
590 2978 669 3038 ad
718 2979 1071 3059 Cydippam
1125 2999 1273 3038 vero
1335 2980 1452 3039 hoc
1508 2980 1626 3058 frg.
1683 3001 1811 3039 non
1868 2982 2185 3054 traxerim,
2245 3001 2393 3060 quo-

186 3079 324 3137 niam
375 3079 529 3140 illud
596 3072 848 3138 πολλᾶκι
901 3077 1005 3139 καὶ
1071 3101 1286 3160 parum
1353 3081 1669 3160 conspirat
1724 3103 1856 3140 cum
1910 3082 2395 3154 Aristaeneteis:

185 3171 388 3258 δάκρυα
430 3173 695 3257 μόνον,
740 3171 872 3258 οὐχ
915 3173 1108 3240 ῧπνον
1153 3179 1226 3240 αἱ
1259 3174 1475 3252 νύκτες
1518 3177 1741 3260 ἐπῆγον
1782 3182 1868 3264 τῷ
1909 3180 2198 3262 μειρακίῳ
2216 3179 2285 3256 ²).

325 3302 436 3358 Ita'
475 3300 660 3378 igitur
715 3301 918 3361 animo
979 3302 1262 3374 affectuS,
1340 3299 1550 3379 specie
1603 3300 1933 3378 languidus
1998 3297 2392 3379 pallidusque

182 3401 346 3478 patris
396 3401 756 3482 adspectum
787 3403 949 3462 ferre
981 3423 1108 3462 non
1139 3410 1413 3481 poterat,
1462 3398 1544 3471 εἰς
1587 3389 1773 3478 ἀγρὸν
1796 3391 1914 3480 κ’ἕπὶ
1956 3392 2119 3484 πάσῃ
2162 3392 2394 3479 προφά-

294 3651 330 3716 1)
367 3653 707 3718 Hesychius:
745 3639 916 3718 αἷρος·
954 3643 990 3717 ἡ
1029 3645 1152 3716 νύξ.
1191 3667 1352 3718 quam
1391 3652 1634 3719 glossam
1670 3655 1745 3704 M.
1784 3653 2119 3706 Schmidtius
2156 3654 2226 3704 ad
2263 3653 2391 3703 Cal-

178 3735 450 3788 limachum
489 3738 809 3788 dubitanter
845 3737 1075 3788 rettulit.
1112 3738 1284 3788 idem:
1334 3728 1552 3802 ὥρι’ζει·
1592 3731 1785 3790 ὑπνοῖ.
1832 3730 2036 3803 ὁμιλεῖ.
2078 3735 2386 3804 φροντίζει,

175 3820 412 3888 μεριμνᾷ,
447 3813 765 3888 οἷδολεσχεῖ.

288 3905 328 3970 ²)
364 3907 437 3958 At
471 3907 579 3958 huc
615 3907 882 3958 referrem
917 3907 1228 3958 hexametri
1263 3906 1597 3972 particulam
1636 3922 1796 3970 quam
1823 3905 2023 3956 Suidas
2047 3922 2089 3956 s.
2114 3923 2167 3956 v.
2194 3896 2391 3970 ἄηδῶν

174 3986 324 4040 habet
368 3979 502 4042 οὐδ’
542 3980 710 4041 ὅσσον
753 3981 1002 4056 ἀηδόνες
1037 3982 1388 4054 ὑπνώουσιν,
1449 4007 1481 4040 a
1516 3989 1735 4042 Naekio
1768 3990 1908 4040 Hec.
1936 4005 2011 4054 ⁴p.
2046 3991 2142 4040 251
2188 3989 2387 4054 impro-

175 4072 390 4125 babilius
427 4075 498 4126 ad
533 4075 808 4126 Hecalam
842 4081 1178 4126 revocatam.
1250 4075 1348 4126 sed
1383 4075 1573 4125 nescio
1612 4090 1685 4123 an
1722 4089 1846 4124 eam
1890 4073 2213 4123 dissuadeat
2260 4090 2387 4124 con-

173 4156 417 4210 iecturam
459 4159 713 4212 Meineki
768 4160 1070 4226 disputatio
1117 4161 1182 4210 de
1227 4159 1535 4225 proverbiis
1573 4157 1965 4224 paroemiacis‚
2016 4173 2157 4222 quae
2202 4163 2287 4210 est
2329 4159 2389 4208 in

176 4241 448 4296 Theocrito
484 4245 735 4296 Meineki
769 4262 825 4310 p.
858 4247 960 4296 454
995 4261 1110 4310 sqq.
1149 4245 1239 4295 cll.
1277 4261 1329 4310 p.
1365 4246 1485 4295 460.
