2917 4992
1400 319 1820 386 ...fio-.-

493 499 809 578 proposita
853 517 998 556 num
1041 496 1108 554 in
1166 496 1378 555 horum
1433 515 1686 556 numero
1742 495 1892 568 sint,
1954 514 2113 574 quae
2168 496 2576 575 antiquiorem
2624 516 2735 554 au-

491 600 837 658 ctoritatem
881 618 1030 678 prae
1075 617 1143 657 se
1189 599 1410 670 ferant,
1457 597 1862 656 vehementer
1908 595 2197 676 equidem
2245 595 2475 656 dubito.

545 759 558 769 ,
657 701 739 759 Et
781 705 1009 775 yeneris
1060 702 1364 773 imparitas
1424 697 1673 778 quidem
1718 719 1845 757 non
1890 699 2013 758 nisi
2060 718 2137 757 ex
2184 718 2281 776 ep.
2327 698 2459 758 XX
2508 708 2573 762 13
2620 698 2735 756 de-

491 805 688 862 rivata
721 812 830 876 est,
865 801 944 860 ad
977 821 1159 881 quem
1183 819 1424 860 versum
1457 798 1861 878 depravatum
1894 801 2074 872 (nunc
2103 818 2325 874 quoque
2354 804 2503 858 idem
2534 803 2733 872 timeo)

489 903 799 964 Antonius
845 902 1132 961 adnotat:
1179 905 1353 961 Illud.
1413 905 1562 959 idem
1602 906 1711 960 mei
1751 906 2003 976 coniuqii
2040 910 2397 976 contemptus
2438 911 2495 960 et
2538 907 2735 960 timor.

493 1005 712 1084 quibus
746 1005 1056 1084 antiquius
1091 1008 1186 1063 est
1219 1002 1529 1063 distichon
1573 1002 1790 1062 eodem
1820 1011 2129 1081 spectans,
2165 1002 2329 1083 quod
2362 1004 2427 1062 in
2460 1004 2737 1064 nonnul-

493 1107 566 1166 lis
601 1105 914 1166 codicibus
949 1115 1010 1165 et
1041 1104 1418 1165 editionibus
1449 1105 1591 1164 huic
1624 1105 1928 1184 epistulae
1958 1107 2296 1184 praefixum
2328 1114 2453 1165 est:
2500 1110 2729 1180 accipe,

495 1209 776 1283 Cydippe,
809 1212 1141 1282 despecti
1181 1223 1384 1265 nomen
1416 1189 1623 1264 Aconti
1657 1209 1667 1280 Ι
1702 1210 1857 1264 illius
1886 1211 1945 1264 in
1966 1226 2140 1281 pomo
2170 1212 2272 1282 qui
2298 1210 2399 1266 tibi
2425 1210 2601 1266 verba
2632 1211 2739 1265 de-

493 1314 592 1369 dit.
638 1308 870 1368 deinde
901 1309 1054 1369 illud
1085 1328 1218 1367 nam
1250 1326 1396 1383 quae
1429 1317 1562 1366 ante
1594 1312 1729 1367 deos
1758 1312 2093 1367 dicerentur
2125 1329 2177 1368 e.
2214 1330 2274 1389 q.
2306 1328 2354 1368 S.
2388 1328 2524 1368 eam
2555 1329 2739 1388 pror-

495 1429 597 1470 sus
644 1411 865 1469 faciem
905 1409 1123 1483 habet,
1167 1418 1234 1469 ut
1268 1429 1303 1469 e
1347 1430 1549 1470 rerum
1591 1429 1756 1470 nexu
1796 1411 1999 1470 fictum
2031 1409 2334 1470 videatur.
2392 1410 2740 1469 contuleris

491 1513 675 1571 Paus,
723 1512 792 1570 II
833 1521 896 1581 2,
947 1523 966 1573 l
1033 1513 1273 1572 similia.
1363 1510 1530 1591 quod
1584 1531 1733 1570 vero
1796 1512 2205 1572 Buttmannus
2264 1510 2341 1572 ab
2398 1509 2739 1572 Ovidianis

395 1603 405 1612 ’
495 1613 914 1692 discrepantia
957 1615 1023 1672 in
1068 1614 1192 1674 illis
1236 1619 1381 1674 notis
1425 1612 1508 1672 ad
1554 1633 1650 1693 ep.
1684 1614 1815 1672 XX
1857 1615 2065 1672 inesse
2111 1613 2276 1687 dicit,
2323 1612 2390 1672 id
2435 1634 2585 1672 nous
2609 1615 2743 1673 nisi

493 1715 572 1774 ad
616 1715 773 1799 haec
816 1715 1008 1774 verba
1053 1723 1337 1794 spectare
1370 1723 1579 1794 potest
1609 1734 1769 1794 quae
1801 1723 1944 1774 sunt
1970 1716 2035 1774 in
2066 1715 2302 1774 Antoni
2334 1724 2741 1793 argumento:

491 1808 576 1876 Μ’
597 1817 873 1890 (pomum)
907 1837 1034 1876 cum
1067 1836 1241 1876 sacra
1273 1821 1626 1874 ministraret
1657 1824 1791 1874 ante
1822 1821 1962 1876 deae
1993 1820 2365 1874 simulacrum
2393 1821 2464 1874 in
2494 1821 2741 1875 sinum

482 1922 786 1992 puellae
829 1923 1091 1992 proiecit.
1155 1928 1218 1977 at
1260 1919 1418 1977 haec
1463 1938 1591 1976 non
1636 1918 1756 1976 nisi
1788 1918 2231 1996 neglegentiae
2265 1917 2572 1977 debentur
2598 1918 2741 1977 An-

491 2020 642 2093 toni,
692 2021 798 2099 qui
844 2041 1028 2099 poma
1074 2019 1239 2099 apud
1285 2027 1530 2079 veteres
1577 2020 1909 2098 scriptores
1956 2040 2146 2098 saepe
2178 2019 2243 2078 in
2275 2021 2446 2079 sinus
2492 2018 2742 2098 puella-

491 2142 623 2180 rum
666 2123 829 2181 iacta
874 2114 1313 2199 intempestive
1359 2121 1656 2181 meminit.
1716 2129 1909 2180 restat
1938 2122 2233 2181 memoria
2262 2141 2571 2180 sacrorum
2604 2121 2741 2180 De·
2771 2196 2781 2204 ³

491 2224 782 2282 liaeorum
833 2234 1144 2297 caetusque
1205 2227 1519 2298 viryinum,
1595 2224 1690 2281 cui
1758 2223 2107 2282 interfuerit
2165 2221 2477 2302 Cydippe.
2570 2243 2745 2302 quae

495 2345 863 2405 quamquam
907 2345 944 2382 a
975 2327 1354 2385 Buttmanno
1386 2326 1426 2382 l.
1462 2345 1512 2382 c.
1561 2344 1689 2382 non
1734 2322 2125 2397 adsciscitur,
2172 2332 2381 2383 tamen
2426 2325 2559 2384 sola
2592 2344 2743 2383 eum

494 2425 739 2485 videtur
769 2427 1168 2505 permovisse,
1201 2433 1269 2484 ut
1298 2447 1359 2504 p.
1389 2433 1487 2488 117
1511 2427 1871 2505 simpliciter
1900 2434 2163 2504 poneret
2192 2429 2379 2484 dieser
2406 2427 2743 2500 (Akontios)

491 2529 712 2602 befand
737 2530 859 2586 sich
891 2531 1001 2586 bei
1029 2529 1689 2601 demjaehrlichen
1719 2544 2026 2602 yrossen
2057 2531 2283 2586 Feste·
2309 2548 2381 2586 zu
2412 2529 2584 2587 Delos
2614 2534 2753 2588 und

491 2633 599 2688 sah
630 2634 760 2689 dort
800 2634 892 2688 ein
933 2634 1022 2689 die
1053 2631 1522 2688 Herrlichlceiten
1564 2633 1665 2687 des
1702 2631 1835 2688 Orts
1876 2633 1935 2686 in
1965 2631 2305 2704 Beyleitunq
2346 2632 2509 2688 ihrer
2538 2635 2747 2690 Amme

491 2735 918 2792 beschauendes
947 2750 1010 2791 so
1040 2734 1315 2790 schoenes
1329 2733 1651 2790 Maedchen
1684 2751 1738 2790 e.
1767 2751 1826 2810 q.
1854 2751 1901 2788 s·
1939 2750 2137 2810 eoque
2171 2740 2232 2790 et
2262 2732 2379 2811 frg.
2415 2732 2581 2812 quod
2616 2753 2743 2792 nos

494 2835 806 2912 posuimus
836 2852 954 2893 vm
999 2834 1121 2892 iam
1165 2833 1428 2892 referret
1476 2832 1565 2912 (p.
1605 2829 1752 2909 125).
1815 2840 1981 2891 certe
2027 2833 2147 2892 alio
2186 2833 2371 2893 modo
2404 2834 2558 2893 illud
2602 2855 2745 2894 non

497 2932 802 3012 probavit.
891 2942 954 2992 at
998 2933 1294 3007 fatebere,
1340 2935 1499 2993 haec
1543 2954 1789 3014 quoque
1820 2933 2057 2992 Antoni
2088 2933 2281 2993 verba
2312 2936 2494 2994 facile
2526 2935 2745 2994 redire

496 3034 576 3094 ad
625 3034 1035 3094 coniecturam
1078 3035 1342 3095 hominis
1390 3036 1579 3094 multa
1607 3044 1887 3094 veterum
1918 3045 2231 3095 auctorum
2276 3037 2548 3095 lectione
2596 3057 2743 3096 eru-

496 3137 605 3196 diti
637 3135 1155 3217 Strabonianique
1205 3136 1283 3196 de
1314 3138 1589 3197 Deliacis
1636 3138 1943 3215 virginum
1985 3139 2231 3218 pompis
2263 3139 2578 3198 testimoni
2609 3137 2746 3198 for-

491 3250 657 3300 tasse
699 3241 1001 3300 memorie.
1065 3259 1432 3320 quamquam
1473 3259 1599 3298 non
1645 3258 1843 3316 neg0,
1889 3239 2095 3298 forsan
2142 3240 2513 3317 glossemata
2544 3261 2748 3320 quae-

503 3340 644 3399 dam
691 3340 967 3400 codicum
1013 3342 1362 3421 antiquiora
1408 3340 1485 3399 ab
1530 3340 1810 3398 Antonio
1860 3359 1996 3400 esse
2042 3336 2410 3417 adhibita¹).

495 3522 766 3572 nusquam
805 3507 946 3557 alias
984 3509 1208 3559 invenio
1244 3512 1621 3560 memoratum.
1669 3508 1758 3558 vix
1796 3513 1979 3558 autem
2006 3507 2391 3568 dubitaverim,
2432 3509 2562 3572 quin
2596 3508 2751 3560 illud

496 3595 878 3658 portentosum
913 3607 1112 3642 nomen
1149 3593 1478 3643 Crustumeria
1513 3592 1705 3642 redeat
1743 3592 1813 3642 ad
1848 3587 2211 3658 Χρυσονὸην,
2258 3608 2400 3658 quae
2438 3609 2471 3642 a
2508 3592 2751 3645 Conone

495 3692 642 3727 narr.
681 3679 746 3727 32
784 3675 918 3726 Cliti
955 3676 1306 3726 Sithonum
1353 3679 1504 3742 regis
1554 3676 1666 3727 filia
1714 3676 1887 3728 fuisse
1934 3678 2271 3743 perhibetur.
2344 3677 2421 3726 cf.
2463 3677 2751 3729 Partheni

495 3777 640 3813 narr.
679 3777 785 3814 am.
823 3763 873 3811 6.
1906 3811 1911 3816 ,

634 3843 675 3908 ¹)
711 3846 890 3897 Doleo
926 3845 1071 3911 quod
1105 3845 1246 3896 nihil
1285 3847 1410 3910 dum
1449 3847 1692 3912 comperi
1716 3846 1784 3896 de
1812 3848 2152 3913 argumentis
2178 3846 2539 3914 epistularum
2566 3846 2751 3900 Ovidi

497 3947 638 3996 quae
675 3936 804 3980 sunt
839 3932 897 3980 in
932 3930 1073 3980 libro
1110 3930 1364 3981 Mediceo
1402 3931 1539 3995 plut.
1575 3932 1809 3982 XXXVI
1846 3931 1967 3984 cod.
2001 3933 2084 3982 27.
2155 3947 2283 3982 nam
2319 3931 2603 3982 Bandinus
2644 3949 2746 3984 ca-

497 4014 598 4063 tal.
633 4013 774 4064 bibl.
801 4016 966 4067 Laur.
993 4016 1048 4064 II
1083 4032 1132 4080 p.
1158 4017 1256 4066 237
1295 4031 1420 4065 eum
1457 4017 1742 4066 continere
1780 4017 1918 4066 dicit
1950 4019 2152 4080 ylossas
2186 4019 2561 4075 interlineares,
2584 4018 2743 4068 selio-

497 4099 568 4147 lia
601 4101 674 4149 ad
703 4102 989 4164 maryinem,
1027 4101 1401 4151 enarrationem
1433 4103 1487 4150 in
1518 4103 1793 4166 principio,
1832 4103 1985 4152 vitam
2012 4108 2202 4164 poetae
2238 4103 2290 4150 in
2318 4103 2423 4164 fine
2458 4108 2511 4151 et
2544 4118 2744 4167 arqu-

498 4189 704 4232 menta
737 4184 799 4232 in
831 4185 1118 4248 sinyulas
1155 4187 1496 4248 epistolas.
1570 4187 1791 4236 omnino
1830 4183 2189 4250 epistularum
2226 4185 2355 4235 libri
2392 4186 2485 4249 qui
2521 4184 2747 4251 glosse-

502 4265 664 4314 matis
716 4265 828 4315 sint
878 4267 1134 4318 instructi
1185 4269 1324 4319 satis
1379 4271 1696 4334 frequentes
1748 4270 2119 4324 inveniuntur.
2190 4273 2251 4320 at
2302 4274 2567 4336 quantum
2619 4271 2751 4323 vidi
