2917 4992
1339 317 1760 380 ..14-

447 494 656 556 dicere
699 515 826 554 non
872 493 1363 575 improbabiliter
1407 493 1629 571 possit,
1679 492 1781 572 qui
1826 491 2017 550 verba
2060 492 2214 552 velit
2256 511 2556 570 premere,
2606 512 2691 552 se

440 599 604 656 intra
635 617 850 655 manus
893 596 1123 654 habere
1167 595 1352 654 talem
1387 594 1747 653 Callimachi
1791 585 2063 672 πρόκυνα
2098 594 2201 653 vel
2243 594 2457 653 horum
2503 603 2689 653 certe

442 719 854 772 assensorem,
902 699 1180 756 Erinnae
1228 696 1476 775 quidem
1521 693 1909 754 immodicum
1952 694 2364 769 laudatorem,
2412 696 2522 754 sed
2554 696 2692 752 τῶν

437 793 708 877 μεγάλων
735 797 980 875 κηλῖδα,
1029 797 1275 878 quando
1311 797 1558 877 quidem
1587 797 1863 855 Erinnae
1906 806 2217 856 trecentos
2258 817 2471 857 versus
2512 799 2691 856 tanti

438 902 544 959 ille
588 903 799 961 valere
844 902 1100 974 iudicet,
1151 900 1366 979 quanti
1409 906 1603 957 totum
1646 900 1999 958 Homerum.

607 1004 900 1082 Denique
957 1003 1074 1062 hoc
1127 1001 1272 1058 mihi
1343 1000 1666 1060 considera
1721 1000 2039 1079 Antipatri
2093 1000 2685 1060 Thessalonicensis

441 1106 796 1182 poemation
843 1104 1012 1162 anth.
1059 1104 1130 1161 P.
1175 1103 1277 1160 XI
1320 1111 1405 1175 20,
1469 1101 1636 1181 quod
1689 1102 2091 1181 perapposite
2137 1103 2225 1160 eis
2270 1101 2690 1178 subiungetur

442 1206 920 1282 epigrammatis,
970 1224 1128 1284 quae
1175 1203 1355 1262 modo
1401 1203 1849 1262 enarravimus:

746 1329 1014 1417 Φεύγεθ’
1060 1329 1185 1396 ’ὅσοι
1233 1329 1449 1408 λόκκας
1493 1327 1537 1412 ἦ
1577 1335 1860 1412 λοφνίδας
1902 1326 1943 1412 ἢ
1985 1339 2327 1413 καμασῆνας

827 1431 1030 1522 ᾄδετε,
1071 1439 1332 1515 ποιητῶν
1377 1439 1572 1513 φῦλον
1614 1427 2081 1517 ἆκανθολόγων,

740 1541 810 1599 οῖ’
843 1531 898 1599 τ’
948 1537 1136 1600 ἐπέων
1180 1532 1403 1618 κόσμον
1448 1537 1860 1618 λελυγισμένον
1903 1530 2267 1616 ἀσκήσαντες

825 1636 1050 1723 κρήνης
1094 1638 1152 1714 ἐξ
1195 1641 1356 1718 ἱερῆς
1398 1643 1594 1700 πίνετε
1639 1633 1801 1700 λιτὸν
1842 1632 2025 1720 ὕδωρ.

739 1737 996 1824 σήμερον
1034 1732 1396 1822 Ἀρχιλόχοιο
1441 1740 1541 1802 καὶ
1589 1735 1835 1822 ἆῖρσενος
1878 1737 2035 1822 «ἦμαρ
2075 1732 2333 1821 Ὀμήρου

825 1843 1180 1922 σπένδομεν·
1227 1832 1259 1903 ὃ
1305 1839 1531 1921 κρητὴρ
1577 1835 1647 1903 οὗ
1696 1833 1894 1921 δέχεθ·’
1943 1834 2291 1923 ὑδροπότας.

607 1981 914 2059 Quoniam
962 1981 1405 2042 Callimacheos
1453 1981 1529 2040 ab
1588 2002 1895 2062 anonymo
1954 2001 2141 2060 supra
2186 1980 2448 2040 vidimus
2492 1979 2685 2055 σῆτας

433 2074 860 2159 ἆκανθοβοῖτας
917 2085 1158 2157 vocari,
1231 2104 1302 2143 eo
1365 2085 1569 2143 statim
1632 2084 1895 2142 inclinat
1958 2084 2227 2156 animus,
2294 2091 2363 2141 ut
2419 2081 2495 2140 ab
2552 2084 2685 2141 hoc

435 2184 698 2259 ποιητῶν
727 2175 1156 2263 ἆκανθολόγων
1186 2178 1358 2267 φύλῳ
1387 2193 1614 2244 tectam
1647 2183 2007 2244 Callimachi
2052 2193 2261 2243 notam
2291 2203 2418 2242 non
2452 2184 2683 2244 abesse

436 2287 770 2345 credamus.
859 2286 1197 2346 videndum
1254 2288 1467 2364 igitur,
1532 2307 1743 2345 nonne
1799 2287 2029 2345 relicua
2082 2287 2149 2345 in
2212 2286 2477 2346 eundem
2522 2307 2681 2365 qua-

440 2386 640 2446 drent.
731 2381 918 2463 λόκκη
959 2409 1084 2447 vox
1128 2408 1255 2446 non
1301 2389 1616 2446 invenitur
1660 2387 1964 2456 adhibita,
2023 2396 2456 2467 praeterquam
2501 2387 2681 2466 quod

437 2488 603 2567 apud
636 2490 1012 2568 Hesychium
1060 2499 1228 2549 recte
1275 2498 1674 2548 correxerunt
1717 2479 1904 2564 λόκκη
1951 2487 2123 2567 (cod.
2169 2478 2382 2566 λόκμη)
2428 2479 2679 2564 χλαμύς,

437 2585 700 2664 ε’φαπτίς.
805 2592 1162 2670 quibuscum
1223 2592 1299 2650 cf.
1367 2591 1701 2649 Arcadium
1768 2613 1831 2670 p.
1894 2601 1999 2652 122
2055 2591 2255 2650 Schm.
2359 2587 2677 2666 λοφνίδας,

435 2695 858 2769 grammaticos
914 2701 981 2752 ut
1034 2695 1268 2752 mittam
1313 2713 1350 2750 a
1395 2693 1733 2752 Schmidtio
1786 2692 1865 2750 ad
1921 2693 2196 2772 Hesych.
2253 2691 2463 2766 λοφνίς
2520 2692 2675 2750 alla-

432 2802 548 2868 tos,
594 2804 930 2853 memorant
977 2815 1108 2853 cum
1137 2795 1469 2873 Lycophro
1502 2801 1589 2867 48,
1622 2803 1747 2853 tum
1791 2802 2027 2872 poeta
2070 2795 2429 2852 incertus
2476 2803 2673 2872 etym.

432 2916 510 2952 m.
557 2916 618 2973 p.
666 2905 786 2968 570,
833 2907 895 2958 8:
943 2895 1175 2970 λοφνίς,

1373 2986 1507 3067 τεὰς
1550 2986 1664 3054 ἆνοὶ
1710 2993 1994 3069 λοφνίδας
2040 2993 2221 3072 ἴσχων

431 3119 534 3200 τοὶς
565 3122 890 3206 λαμπάδας,
957 3129 1176 3204 κυρίως
1207 3126 1269 3189 δὲ
1296 3129 1572 3206 λοφνίδες
1617 3127 1883 3209 λέγονται
1915 3129 1984 3188 αἱ
2019 3123 2325 3207 μονόξυλοι
2370 3124 2675 3208 λαμπάδες

431 3229 532 3290 καὶ
595 3230 758 3316 δαλῷ
811 3227 1217 3312 παραπλήσιοι
1273 3231 1448 3316 δᾷδες
1507 3255 1559 3293 0.
1624 3255 1682 3312 q.
1730 3255 1777 3292 s.
1840 3232 2005 3313 quod
2064 3233 2247 3292 facile
2306 3233 2674 3294 Callimachi

434 3343 526 3393 est
585 3336 1016 3412 fragmentum,
1091 3337 1260 3394 cuius
1321 3344 1565 3395 constat
1634 3318 1799 3394 certe
1861 3335 2048 3412 longe
2117 3336 2379 3414 plurima
2435 3357 2571 3395 esse
2636 3358 2671 3395 e

429 3436 639 3493 vacuis
685 3435 815 3494 istis
873 3437 1166 3496 frustuliS.
1255 3436 1600 3514 καμασῆνας
1656 3437 1858 3514 pisces
1920 3435 2265 3496 identidem
2324 3439 2673 3516 generatim

435 3537 676 3595 dixerat
718 3537 1151 3616 Empedocles,
1201 3539 1278 3596 cf.
1325 3540 1556 3598 Athen.
1588 3540 1751 3599 VIII
1795 3559 1857 3617 p.
1890 3537 2054 3602 334b
2104 3547 2164 3596 et
2198 3540 2360 3597 Plut.
2404 3547 2672 3619 quaestt.

430 3659 629 3718 symp.
661 3638 719 3697 V
767 3648 848 3711 10,
895 3646 928 3697 4
975 3648 1126 3698 extr.
1175 3640 1287 3698 sed
1332 3640 1495 3700 1111110
1542 3640 1618 3699 ab
1664 3640 1996 3718 Antipatro
2043 3639 2267 3718 respici
2311 3661 2525 3719 parum
2572 3650 2675 3700 est

427 3739 775 3819 probabile,
822 3740 942 3797 imo
975 3739 1468 3800 Alexandrinum
1515 3742 1781 3820 aliquem
1811 3751 2057 3820 poetam
2087 3740 2449 3800 vocabulum
2486 3740 2671 3800 obso-

429 3843 616 3900 letum
663 3840 739 3898 ab
785 3841 890 3900 illo
953 3843 1386 3920 excipientem.
1478 3863 1549 3902 ac
1606 3843 1882 3902 fortassis
1944 3861 2171 3921 operae
2229 3844 2491 3922 pretium
2550 3845 2675 3902 erit

428 3943 762 4016 indicasse,
814 3942 978 4022 quod
1015 3943 1421 4002 Callimachus
1468 3965 1653 4002 unam
1697 3944 1957 4023 praebet
2003 3965 2079 4002 ex
2125 3945 2415 4023 oxytonis
2450 3942 2678 4003 itidem

429 4043 700 4102 formatis
760 4054 946 4124 atque
991 4065 1030 4120 η
1075 4045 1495 4121 servantibus,
1562 4066 1722 4126 quae
1781 4066 2031 4105 numero
2090 4054 2233 4106 sunt
2290 4066 2672 4124 perpaucae,

428 4139 632 4216 ἕσσήν,
689 4140 948 4218 ἐσσῆνος.
1001 4149 1079 4207 cf.
1125 4149 1189 4205 in
1237 4150 1370 4206 Iov.
1418 4157 1487 4210 66
1534 4156 1596 4206 et
1640 4149 1757 4224 frg.
1808 4146 2046 4206 Callim.
2108 4147 2274 4226 apud
2317 4147 2673 4208 Herodian.

430 4244 572 4302 dict.
619 4246 732 4303 sol.
783 4251 862 4319 17,
911 4259 960 4320 5,
1017 4248 1122 4307 ubi
1167 4249 1230 4305 in
1289 4248 1589 4326 exemplis
1647 4249 1975 4308 coniuncta
2031 4250 2322 4328 leguntur
2378 4243 2557 4324 ἐσσήν
2604 4259 2677 4310 et
