2917 4992
1430 359 1809 421 ,.-6...

681 536 794 596 Cui
850 535 1159 614 poematio
1207 533 1282 592 ob
1329 553 1577 612 prorsus
1634 533 2010 592 consimilem
2054 534 2413 592 sententiae
2441 534 2785 590 rationem

511 640 680 698 illum
727 637 1098 714 subiungere
1142 636 1348 714 placet
1391 636 1590 694 locum
1637 655 1714 694 ex
1755 635 1937 694 tertio
1986 654 2338 704 caussarum
2373 633 2527 693 libro
2558 642 2637 692 ut
2672 634 2783 690 vi-

511 740 690 799 detur
735 739 1119 817 desumptum
1169 737 1271 816 (cf.
1304 737 1656 797 Heckerum
1702 745 2023 796 comment.
2072 736 2151 795 de
2196 737 2430 795 anthol.
2466 736 2571 796 Gr.
2616 741 2786 796 1843

514 863 575 920 p.
609 849 714 904 263
743 838 888 919 sq.),
936 860 1056 919 quo
1105 839 1459 900 declarabat
1490 839 1929 920 CallimachUS‚
1976 859 2044 898 se
2091 859 2225 898 cum
2270 839 2393 896 alia
2439 835 2785 918 quaedam

512 943 907 1021 Pythagorae
965 942 1312 1023 approbare
1368 950 1734 1022 praecepta,
1794 949 1919 1000 tum
1975 961 2122 1000 vero
2171 939 2325 1000 illud
2369 931 2450 1015 μή
2496 935 2784 1014 στείχειν

509 1034 619 1118 τὴν
660 1035 990 1122 λεωφόροντ

1725 1151 1797 1220 τὰ
1838 1151 1919 1238 μή
1966 1138 2277 1219 πατέωσιν·
2314 1149 2534 1236 ἅμαξαι

897 1255 970 1323 τοὶ
1010 1263 1293 1342 στείβειν,
1339 1261 1549 1343 ἑτέρων
1592 1252 1647 1321 δ’
1684 1251 1847 1340 ἴχυιᾶ
1889 1253 1970 1340 μὴ
2014 1255 2277 1339 κάθομα.
2300 1257 2351 1336 ¹)

510 1419 588 1477 cf.
638 1417 876 1476 Gallim.
939 1419 1054 1496 frg.
1111 1426 1215 1482 293
1271 1438 1347 1476 ex
1408 1417 1854 1498 Olympiodoro
1914 1418 1992 1476 ad
2052 1417 2210 1476 Plat.
2270 1415 2507 1474 Phaed.
2566 1436 2631 1494 p.
2690 1424 2774 1475 25

511 1520 881 1598 augendum.
969 1521 1114 1579 hinc
1157 1521 1514 1598 Propertius
1558 1521 1653 1580 IV
1698 1529 1745 1593 1,
1800 1532 1889 1581 14:

998 1658 1107 1697 non
1151 1642 1328 1696 datur
1370 1642 1448 1695 ad
1489 1640 1687 1697 Musas
1729 1656 1966 1697 currere
2004 1643 2117 1696 lata
2160 1643 2268 1696 via.

676 1792 1117 1851 Difficillimum
1174 1793 1372 1851 locum
1419 1792 1499 1850 ad
1554 1801 1763 1869 partes
1824 1769 2054 1851 ⁶vocans
2102 1812 2227 1849 non
2274 1790 2341 1850 id
2398 1811 2562 1849 nunc
2606 1811 2769 1869 age,

507 1903 572 1952 ut
634 1902 955 1952 retractem
1009 1901 1200 1952 totam
1258 1893 1336 1951 de
1395 1894 1567 1972 cyclo
1614 1894 1943 1953 Homerico
2002 1893 2105 1952 vel
2152 1893 2328 1970 epico
2387 1893 2769 1951 latissimam

510 1995 965 2074 quaestionem,
1034 2003 1102 2054 ut
1165 2014 1321 2075 quae
1377 1993 1453 2052 ab
1514 2001 1795 2054 accurato
1854 2003 1915 2054 et
1968 1994 2173 2054 subtili
2232 1999 2504 2068 poematis
2555 1999 2773 2067 cyclici

511 2096 792 2155 examine
847 2116 1034 2174 aegre
1093 2095 1360 2173 disiungi
1419 2105 1621 2175 queat.
1712 2105 1775 2155 at
1830 2104 2035 2155 tamen
2098 2095 2246 2175 quid
2301 2095 2579 2154 utilitatis
2638 2095 2765 2152 tali

508 2199 780 2275 seposito
843 2199 1124 2256 examine
1187 2218 1263 2256 ex
1317 2198 1440 2257 illis
1499 2199 1815 2257 versiculis
1886 2207 2157 2256 nostram
2211 2198 2276 2256 in
2337 2217 2465 2255 rem
2520 2197 2763 2254 redun-

511 2299 686 2373 dare,
748 2319 906 2378 quae
965 2301 1230 2358 invicem
1282 2301 1389 2358 lux
1430 2300 1547 2358 hac
1591 2307 1852 2378 pernota
1901 2307 2153 2373 poemati
2206 2303 2409 2373 cyclico
2464 2299 2765 2356 videatur

509 2402 716 2458 afferri
761 2421 974 2479 posse,
1023 2403 1237 2479 paucis
1286 2399 1593 2459 indicabo.
1670 2422 2034 2481 quamquam
2078 2403 2129 2460 si
2178 2422 2250 2460 ea
2294 2399 2592 2478 poematis
2640 2421 2757 2476 cy-

509 2502 643 2560 clici
699 2502 1127 2580 interpretatio
1174 2503 1350 2561 nobis
1396 2501 1788 2580 probaretur,
1851 2523 2033 2582 quam
2089 2503 2437 2581 nuperrime
2491 2502 2762 2579 protulit

507 2603 892 2676 MeinekiuS,
959 2605 1334 2682 epigramma
1376 2603 1531 2664 illud
1578 2603 1655 2662 ad
1714 2614 2107 2683 praesentem
2165 2605 2585 2683 quaestionem
2637 2604 2756 2660 ali-

509 2714 738 2784 quanto
784 2701 982 2764 minus
1029 2705 1417 2767 conduceret.
1479 2707 1529 2766 is
1568 2709 1731 2765 enim
1762 2706 2049 2779 adnotat,
2097 2727 2164 2765 se
2196 2707 2493 2784 cyclicum
2525 2725 2758 2784 poema

507 2808 874 2883 intellegere
934 2807 1012 2865 de
1069 2813 1356 2866 cantilenis
1399 2813 1454 2865 in
1498 2813 1733 2882 publicis
1788 2812 2066 2868 hominum
2110 2811 2345 2866 coetibus
2385 2811 2518 2864 cani
2550 2810 2754 2863 solitis.

509 2908 793 2984 speciosa
839 2909 1114 2984 profecto
1163 2909 1473 2986 opinatio,
1534 2913 1629 2969 cui
1675 2910 1963 2990 equidem
2017 2909 2184 2969 haud
2232 2908 2634 2989 obloquerer,
2700 2911 2753 2967 si

508 3007 611 3065 vel
669 3027 702 3064 e
759 3008 1100 3088 longinquo
1158 3010 1376 3069 videre
1434 3012 1674 3082 liceret,
1746 3032 1867 3090 quo
1929 3013 2121 3069 fretus
2175 3031 2289 3070 usu
2346 3009 2597 3068 dicendi
2656 3011 2757 3067 vir

511 3110 794 3186 egregius
847 3113 1117 3188 poemati
1161 3113 1392 3191 cyclico
1441 3115 1757 3171 notionem
1802 3112 2151 3171 cantilenae
2198 3111 2537 3170 convivalis
2585 3112 2755 3169 simi-

508 3211 704 3270 lemve
772 3212 1079 3272 attribuat.
1173 3214 1336 3293 quod
1407 3213 1655 3293 quidem
1722 3233 1793 3272 eo
1862 3215 2054 3291 magis
2125 3212 2539 3284 desiderabiS,
2626 3232 2753 3291 quo

2246 3367 2267 3394 Χ

646 3462 684 3525 ¹)
722 3464 1126 3514 Valckenarius
1163 3465 1382 3515 Gallim.
1433 3465 1578 3530 eleg.
1628 3467 1769 3530 frgg.
1820 3483 1871 3530 p.
1910 3465 2009 3514 298
2048 3465 2281 3530 corrigit
2316 3463 2383 3530 τᾷ
2420 3457 2497 3530 μὴ
2539 3500 2552 3513 .
2584 3504 2597 3516 .
2627 3502 2639 3514 .
2680 3465 2754 3530 τᾷ

507 3544 780 3617 στείβεφν,
831 3547 1036 3612 absque
1084 3549 1230 3597 omni
1274 3550 1689 3612 probabilitate.
1763 3566 1889 3600 nam
1941 3555 1996 3600 et
2032 3551 2317 3600 Dorismus
2365 3552 2423 3599 in
2471 3549 2557 3598 his
2610 3550 2753 3599 ferri

508 3631 699 3694 nequit
745 3635 800 3680 et
865 3630 934 3679 ad
990 3632 1134 3681 hunc
1193 3631 1373 3682 locum
1433 3633 1616 3682 refero
1673 3635 1916 3698 Hesych.
1965 3627 2269 3684 πατέουσι·
2330 3632 2751 3697 καταπατοῦσι,

509 3730 650 3780 quae
686 3730 938 3779 quorsum
975 3720 1294 3779 spectarent
1329 3717 1564 3766 nondum
1602 3723 1722 3766 erat
1767 3719 2069 3768 inventum.
2128 3719 2426 3783 eodemque
2464 3719 2752 3782 pertinere

507 3799 754 3862 I-Iesychi
801 3799 1041 3864 glossam
1085 3792 1353 3865 πάθομα·
1413 3793 1560 3850 κατὰ
1605 3795 1669 3852 τὸ
1714 3794 1861 3851 αὐτό
1912 3803 2231 3854 observavit
2278 3803 2389 3852 iam
2426 3801 2745 3852 BentleiuS.

509 3885 789 3934 confertur
847 3901 967 3934 cum
1022 3885 1128 3938 hoc
1190 3887 1295 3951 frg.
1357 3902 1392 3935 a
1445 3885 1699 3936 Bentleio
1753 3888 1917 3952 Verg.
1976 3903 2162 3952 georg.
2222 3887 2305 3937 111
2352 3889 2450 3937 291
2508 3901 2663 3952 sqq.,
2718 3905 2755 3938 a

506 3968 880 4020 Valckenario
917 3970 1080 4019 Lucr.
1120 3971 1196 4020 IV
1235 3972 1262 4018 1
1303 3985 1420 4035 sqq.
1460 3974 1516 4019 et
1552 3970 1741 4024 Manil.
1781 3972 1837 4021 II
1871 3974 1937 4021 49
1975 3987 2110 4035 sqq„
2158 3971 2252 4022 ubi
2301 3971 2466 4022 simul
2513 3973 2752 4037 respici-

508 4055 596 4100 tur
632 4052 966 4104 Callimachi
1005 4057 1178 4122 epigr.
1215 4055 1471 4108 XXVIII.
1514 4055 1585 4104 cf.
1621 4056 1753 4106 Hor.
1794 4072 1957 4106 carm.
1992 4056 2019 4104 Ι
2055 4058 2100 4117 1,
2130 4058 2195 4106 29
2225 4072 2343 4122 sqq.
2402 4057 2544 4108 addo
2584 4073 2752 4122 prae-

509 4140 596 4184 ter
618 4137 873 4202 Properti
910 4154 1126 4190 versum
1162 4156 1328 4205 supra
1367 4140 1675 4206 appositum
1702 4141 1864 4203 Prop.
1892 4141 1971 4192 IV
1997 4143 2044 4204 1,
2072 4142 2135 4190 17
2162 4156 2241 4206 sq.
2284 4146 2339 4190 et
2364 4145 2411 4200 3,
2436 4144 2521 4202 26,
2560 4143 2753 4197 Lucil.

507 4219 668 4270 Aetn.
705 4223 734 4270 7
761 4236 841 4285 sq.
881 4228 937 4272 et
971 4224 1192 4274 Nemes.
1237 4241 1432 4290 cyneg.
1468 4227 1500 4274 8
1526 4239 1643 4289 sqq.
1717 4239 1941 4286 quorum
1975 4224 2067 4274 vix
2102 4223 2245 4274 ullus
2284 4229 2397 4286 est,
2437 4225 2570 4287 quin
2616 4226 2750 4276 Cal-

508 4303 735 4352 limachi
771 4303 925 4354 illum
961 4305 1465 4370 locum,exprimat.
1508 4309 1579 4357 cf.
1620 4311 1675 4356 et
1710 4307 1873 4370 Verg.
1913 4308 2079 4358 catal.
2118 4309 2197 4358 XI
2233 4311 2317 4358 64.
