2917 4992
1341 317 1809 381 -112-

462 493 754 573 idemque
798 512 1026 552 nomen
1071 491 1138 552 in
1183 489 1689 571 inscriptionibus
1735 511 1863 550 non
1907 510 2110 550 rarum
2151 498 2266 550 est.
2356 498 2419 550 at
2448 509 2711 550 caussae

460 593 746 675 perditae
790 595 897 654 vel
940 594 1085 655 ideo
1131 594 1288 654 nihil
1330 601 1541 673 potest
1584 592 1941 652 adminiculi
1982 593 2101 652 hac
2144 612 2225 652 ex
2278 601 2457 672 parte
2504 611 2711 652 arces-

463 697 588 772 siri,
639 698 928 777 quoniam
970 697 1380 756 Buttmannus
1427 715 1502 754 ea
1545 695 1685 774 ipsa
1728 694 1795 754 in
1838 713 1906 754 re
1950 715 1989 754 a
2031 713 2180 754 vero
2222 695 2411 773 longe
2455 693 2713 754 videtur

465 797 806 860 aberrasse.
869 799 973 879 qui
1005 799 1057 859 si
1096 796 1344 858 urbibus
1377 797 1747 857 enumeratis
1782 794 2001 877 quibus
2035 794 2281 876 Cyrbae
2314 804 2444 856 erat
2475 815 2711 855 nomen

464 899 553 959 ita
583 901 787 980 pergit
819 895 910 981 (p.
944 898 1069 977 140)
1115 916 1346 959 woraus
1387 901 1633 957 deutlich
1672 901 1874 958 erhellt
1888 943 1902 968 ,
1938 901 2072 956 dass
2110 901 2197 956 die
2226 900 2534 973 mythische
2562 900 2711 954 Per-

464 1019 585 1072 son,
608 1003 696 1059 die
724 1004 1014 1061 denselben
1051 1003 1263 1060 Namen
1286 1009 1427 1076 τηις,
1448 1004 1595 1058 allen
1612 1004 1799 1075 jenen
1824 1001 2149 1059 Staemmen
2170 1004 2323 1075 eiyen
2352 1019 2497 1071 war,
2522 1018 2710 1079 prae-

471 1111 722 1182 postere
751 1104 869 1163 hoc
899 1103 1228 1164 concludit.
1275 1094 1489 1182 Κύρβη
1531 1102 1690 1161 nihil
1733 1100 1901 1161 aliud
1950 1110 2043 1162 est
2088 1121 2268 1182 quam
2312 1087 2549 1178 κορυφή
2598 1098 2711 1180 (cf.

475 1203 748 1264 Curtium
791 1205 1022 1283 griech.
1068 1205 1274 1286 Etym.
1321 1205 1390 1265 H
1432 1225 1497 1283 p.
1533 1199 1657 1282 105)
1686 1198 1769 1282 ¹),
1816 1213 1883 1263 ut
1926 1194 2270 1282 Κύρβαντες
2316 1202 2515 1263 eidem
2562 1210 2714 1262 sunt

473 1313 659 1386 atque
692 1299 1068 1384 Κορύβαντες
1112 1309 1218 1367 vel
1261 1303 1556 1384 κυρβασία
1602 1313 1663 1366 et
1692 1296 2079 1383 Κορυφάσιον
2122 1326 2250 1365 non
2296 1305 2416 1365 nisi
2461 1303 2713 1365 deflexa

473 1408 923 1485 significatione
971 1408 1281 1468 differunt.
1371 1428 1555 1488 quam
1598 1408 1914 1467 confirmat
1972 1407 2474 1486 originationem,
2536 1405 2711 1486 quod

475 1507 684 1587 Cyrba
722 1508 866 1569 urbs
913 1509 1228 1570 Cretensis
1274 1518 1495 1590 postea
1529 1495 1875 1587 Ἰεράπυτνα
1933 1508 2097 1569 dicta
2142 1517 2263 1583 est,
2323 1529 2465 1568 nam
2509 1499 2712 1565 πότνα

475 1618 568 1670 est
612 1605 813 1689 πέτρα.
863 1612 938 1671 cf.
973 1610 1174 1671 Strab.
1219 1612 1285 1670 X
1318 1632 1378 1691 p.
1405 1619 1530 1686 472,
1576 1611 1821 1672 Hoecki
1867 1611 2113 1672 Cretam
2156 1611 2189 1670 I
2232 1631 2295 1691 p.
2317 1618 2423 1671 422
2451 1630 2546 1690 sq.
2592 1610 2711 1668 ita-

475 1732 596 1792 que
642 1712 809 1793 quod
853 1713 1196 1792 complures
1239 1714 1422 1773 urbes
1466 1713 1585 1773 hoc
1614 1713 1865 1773 nomine
1896 1712 2415 1792 significabantur,
2460 1711 2713 1771 facilem

475 1814 848 1893 explicatum
898 1814 1107 1875 habet.
1193 1816 1316 1874 iam
1371 1835 1520 1875 vero
1579 1835 1735 1889 non,
1794 1823 1863 1875 ut
1904 1817 2314 1875 Buttmannus
2359 1813 2709 1888 arbitratur,

475 1915 720 1996 Cyrbae
763 1917 868 1976 vel
897 1916 1168 1999 Cyrbiae
1213 1917 1466 1978 nomine
1500 1917 1737 1979 Graeco
1784 1918 2053 1977 sermoni
2093 1917 2547 1977 accommodato
2582 1915 2711 1996 Cy·

476 2015 703 2097 dippae
769 2026 966 2078 ortum
1029 2039 1254 2078 nomen
1325 2027 1445 2093 est,
1517 2018 1714 2099 qualis
1779 2019 2055 2080 violenta
2098 2019 2433 2079 immutatio
2491 2016 2709 2078 dubito

473 2139 618 2179 num
662 2120 827 2180 facta
869 2122 950 2180 sit
991 2141 1295 2201 umquam.
1385 2140 1504 2180 nec
1547 2121 1856 2181 Diodorus
1905 2119 2195 2202 Cyrbiam
2254 2120 2712 2180 transnomina-

471 2230 596 2282 tam
641 2242 775 2283 esse
809 2221 1182 2304 Cydippam,
1229 2222 1342 2282 sed
1388 2222 1758 2283 contrarium
1801 2223 2005 2302 potius
2036 2231 2265 2284 narrat.
2356 2242 2545 2303 quare
2576 2243 2712 2282 non

473 2325 595 2384 nisi
639 2325 726 2383 ita
771 2323 1176 2403 probabiliter
1221 2322 1505 2403 expediri
1536 2325 1763 2404 poterit
1806 2326 1963 2384 haec
1990 2326 2453 2386 metonomasia.
2512 2323 2709 2384 habe—

471 2423 650 2484 batur
683 2423 888 2506 Cyrbe
931 2425 1096 2485 urbis
1129 2434 1434 2486 vetustum
1466 2446 1693 2486 nomen
1728 2425 2066 2488 Cretensis.
2126 2429 2243 2486 hoc
2273 2447 2309 2486 a
2342 2446 2463 2506 qua
2493 2429 2715 2506 posset
2800 2449 2803 2451 “

475 2526 704 2586 celebri
747 2547 1015 2606 persona
1057 2527 1465 2608 probabiliter
1506 2529 1709 2608 repeti
1755 2549 1891 2590 cum
1934 2531 2424 2610 circumspiceret
2452 2528 2714 2588 istorum

471 2649 630 2689 unus
675 2625 920 2686 κτίσεων
964 2631 1343 2710 scriptorum,
1390 2631 1453 2690 in
1501 2629 1856 2712 Cydippam
1889 2630 2131 2692 Ochimi
2159 2628 2472 2691 Heliadae
2516 2630 2714 2690 filiam

471 2731 732 2810 proclivi
775 2732 1016 2792 ratione
1058 2731 1297 2792 incidit.
1387 2752 1571 2812 quam
1616 2752 1758 2812 esse
1798 2733 2089 2815 Cyrbiam
2131 2717 2709 2807 transnominatam,

469 2841 538 2891 ut
590 2833 834 2894 inventi
895 2842 1150 2911 augeret
1204 2834 1505 2914 speciem,
1576 2842 1827 2894 strenue
1884 2835 2154 2895 iactavit.
2258 2834 2481 2895 eodem
2540 2835 2715 2894 enim

471 2934 582 2992 vili
613 2934 866 2994 artificio
897 2955 1344 3015 saepenumero
1376 2936 1743 2996 vanissimos
1788 2937 1939 2998 istos
1976 2937 2255 2997 homines
2288 2943 2531 2996 constat
2563 2955 2713 2996 usos

473 3055 629 3110 esse,
678 3056 797 3116 quo
843 3056 943 3096 res
987 3057 1412 3119 personasque
1457 3037 1540 3097 ad
1585 3037 1941 3099 arbitratum
1984 3059 2157 3098 suum
2202 3041 2620 3098 conectere‘nt.

639 3137 772 3197 Iam
799 3139 1076 3218 sequitur
1117 3147 1185 3199 ut
1225 3141 1291 3199 in
1331 3160 1479 3200 area
1507 3139 1678 3200 nuda
1706 3139 1955 3201 reddita
1980 3160 2155 3201 meae
2202 3160 2433 3220 ponam
2463 3141 2713 3200 coniec-

469 3247 644 3300 turae
692 3241 1185 3322 explicationem.

641 3339 1025 3403 Ordiendum
1087 3351 1289 3402 autem
1354 3343 1535 3404 nobis
1593 3352 1688 3405 est
1753 3363 1791 3402 a
1852 3364 1921 3404 re
1975 3363 2162 3424 supra
2225 3351 2467 3418 notata,
2536 3341 2717 3423 quod

469 3442 878 3521 paraphrasta
906 3446 971 3504 in
1004 3445 1224 3505 eodem
1253 3453 1633 3524 argumente,
1682 3466 1718 3504 a
1750 3466 1869 3527 quo
1901 3447 2213 3526 profectus
2252 3455 2361 3520 est,
2408 3445 2719 3506 narrandi

467 3544 654 3603 finem
709 3544 882 3619 facit,
950 3545 1068 3605 hoc
1125 3554 1218 3606 est
1272 3548 1338 3606 in
1394 3547 1627 3626 nuptiis
1675 3547 2005 3629 Cydippae
2064 3557 2125 3609 et
2184 3547 2431 3608 Aconti.
2521 3542 2719 3628 quam

471 3645 722 3726 quidem
781 3645 1250 3725 dispositionem
1307 3669 1426 3708 nec
1482 3649 1912 3710 Aristaenetus
1966 3650 2167 3730 potuit
2220 3669 2516 3724 novasse,
2580 3669 2721 3712 nec

471 3747 876 3808 Callimachus
925 3748 1003 3808 de
1048 3751 1240 3810 nihilo
1285 3751 1643 3812 instituisse.
1717 3751 1881 3831 quod
1928 3772 2061 3812 cum
2102 3753 2191 3812 ita
2232 3753 2341 3826 sit,
2389 3750 2719 3830 ambigen-

471 3849 614 3908 dum
658 3870 784 3908 non
833 3858 957 3924 est,
1019 3853 1170 3930 quin
1219 3851 1633 3914 Callimachus
1690 3855 2071 3913 narrantium
2112 3862 2432 3932 poetarum
2474 3873 2719 3933 peran-

467 3952 639 4030 tiquo
696 3971 865 4012 more
925 3951 1257 4033 Cydippae
1314 3955 1579 4032 elegiam
1634 3955 1721 4014 ita
1774 3955 1907 4015 fere
1964 3955 2320 4034 auspicatus
2378 3957 2487 4016 sit:
2548 3956 2725 4017 ‘iam

607 4185 644 4248 ¹)
680 4187 867 4238 Mons
903 4187 1162 4253 Κίρφις
1197 4205 1368 4256 prope
1395 4207 1429 4240 a
1455 4189 1643 4241 Orissa
1678 4191 1817 4242 situs
1852 4197 2304 4242 commemoratur
2330 4192 2400 4242 ab
2424 4191 2730 4246 Antonino

469 4269 656 4321 Liber.
684 4273 717 4322 8
742 4275 798 4321 et
822 4288 856 4322 a
882 4271 1152 4323 Strabone
1175 4275 1309 4325 VIII
1335 4292 1388 4341 p.
1411 4277 1530 4338 418,
1570 4276 1728 4326 urbs
1754 4275 1967 4341 Κίρφις
1993 4293 2027 4327 a
2052 4277 2324 4328 Strabone
2350 4278 2484 4329 VIII
2508 4294 2561 4343 p.
2580 4280 2727 4332 416.
