2917 4992
1395 345 1481 355 Ι-
1566 305 1647 370 88
1736 343 1813 351 .-

486 491 686 554 οψεως
741 458 1086 556 βληθέντες.
1146 477 1312 540 idem
1355 481 1389 538 Ι
1431 487 1530 540 213
1588 473 1689 534 καὶ
1744 475 1923 537 πλέον
1978 466 2017 554 ἢ
2072 473 2359 556 πρότερον
2414 468 2600 538 αὐτὸν
2643 479 2739 562 τῷ

489 573 692 640 κάλλει
739 573 1221 659 καταστράψασα.
1270 589 1333 639 et
1361 581 1431 639 ΙΙ
1457 587 1523 641 4:
1570 569 1877 656 ὀφθαλμοὶ
1909 576 1973 639 δὲ
2002 568 2286 658 ἆφεγγεῖς
2315 579 2382 638 οἱ
2402 573 2600 640 πάντα
2644 581 2739 662 τῷ

489 674 693 742 κάλλει
726 675 1278 760 ’καταστρᾶψαντες.
1369 682 1645 741 Achilles
1692 684 1833 742 Tat.
1874 683 1909 742 I
1948 689 1999 757 4,
2040 691 2105 744 2:
2150 677 2252 739 καὶ
2298 676 2735 761 καταστρᾶπτει

488 803 605 860 μου
633 773 772 854 τούς
801 773 1156 860 ὀφθαλμοὺς
1197 783 1282 864 τῷ
1323 773 1641 863 προσώπῳ.
1686 784 1779 844 VI
1808 791 1859 858 6,
1892 791 1956 845 3:
2002 777 2149 842 ἰδών
2172 779 2237 843 δὲ
2280 774 2311 842 ὃ
2358 780 2741 864 Θέρσανδρος

489 876 556 945 τὸ
600 879 816 956 κάλλος
859 882 923 944 ἐκ
969 883 1388 966 παραδρομῆς,
1437 873 1517 954 ὧς
1558 877 1967 962 ἁρπαζομένης
2006 876 2311 962 ἀστραπῆς
2350 919 2438 932 ·—
2479 882 2742 963 μάλιστα

487 1009 601 1067 γαρ
645 983 712 1047 ἐν
756 991 878 1059 τοῖς
923 975 1264 1063 ὀφθαλμοῖς
1307 977 1572 1061 neaeman
1616 1007 1683 1044 το
1736 979 1956 1057 καλλος
2004 1021 2075 1032 —-·
2123 976 2327 1064 ἀφῆκε
2368 977 2480 1064 τὴν
2524 977 2744 1065 ψυχὴν

490 1077 584 1148 ἐπ’
634 1078 825 1164 αὐτήν
870 1111 923 1151 e.
971 1112 1066 1194 q.
1078 1110 1128 1150 s,
1219 1089 1472 1150 Charite
1518 1090 1577 1157 V
1604 1098 1655 1162 3,
1698 1098 1761 1152 9.
1808 1083 2097 1164 ἐξέλαμψε
2141 1085 2205 1150 δὲ
2246 1079 2313 1148 vd
2359 1085 2745 1168 Καλλιρρόης

490 1177 810 1270 πρόσωπον
852 1187 954 1249 καὶ
998 1171 1356 1269 μαρμαρυγὴ
1399 1186 1636 1265 κατέσχε
1678 1211 1783 1261 τας
1825 1180 2119 1250 annium
2162 1181 2369 1267 ὄψεις,
2426 1184 2624 1268 ὥσπερ
2674 1189 2743 1250 ἐν

489 1290 664 1352 νυκτὶ
722 1291 945 1373 βαθεῖα
999 1293 1222 1350 πολλοῦ
1279 1281 1472 1367 φωτὸς
1537 1289 1841 1366 αἰφνίδιον
1900 1289 2209 1368 φανέντος.
2314 1303 2377 1354 et
2432 1315 2469 1354 a
2520 1296 2743 1375 poetis

494 1415 746 1476 quoque
789 1396 1051 1455 maxime
1099 1395 1425 1456 serioribus
1474 1393 1691 1454 eadem
1736 1395 2169 1475 frequentatur
2224 1396 2448 1476 imago,
2534 1396 2743 1476 Apol-

490 1498 692 1556 lonius
721 1496 926 1557 Rhod.
959 1496 1063 1555 III
1098 1504 1230 1558 1016
1259 1515 1397 1576 sqq.
1429 1498 1588 1565 τοῖος
1616 1485 1736 1554 ἀπὸ
1766 1495 2015 1568 ξανθοῖο
2045 1488 2341 1569 καρήατος
2372 1495 2699 1556 Αἰσονίδαο
2730 1497 2739 1580 Ι

493 1591 784 1671 στράπτεν
809 1589 1004 1669 ’Ἑρως
1045 1586 1256 1672 ἡδεῖαν
1299 1587 1419 1654 ἄπο
1464 1590 1688 1674 φλόγα·
1761 1596 1865 1673 τῆς
1912 1588 1967 1654 δ’
2005 1587 2313 1677 ἀμαρυγὰς
2350 1595 2359 1680 Ι
2398 1585 2745 1676 ὀφθαλμῶν

491 1691 771 1774 ἥρπαζεν.
835 1701 912 1760 ef.
948 1701 1237 1779 Sophoel.
1270 1699 1388 1776 frg.
1419 1707 1526 1762 430
1566 1699 1748 1772 ch„
1784 1701 1955 1760 anth.
1986 1700 2058 1760 P.
2091 1702 2150 1761 V
2178 1711 2265 1776 36,
2298 1711 2348 1764 3.
2394 1709 2479 1776 56,
2513 1711 2566 1765 3.
2596 1703 2747 1761 ΧΙΙ

493 1812 616 1864 110.
668 1810 783 1875 127,
821 1811 856 1864 3
885 1821 978 1881 sq.
1014 1807 1135 1864 196.
1223 1802 1433 1860 Nonn.
1466 1802 1665 1860 Dion.
1689 1801 1790 1860 XI
1818 1809 1940 1875 376,
1987 1803 2281 1863 XXXIV
2310 1809 2431 1876 322,
2470 1803 2749 1864 XXXV

496 1911 614 1976 172,
659 1904 817 1962 XLI
859 1911 980 1976 254,
1025 1903 1219 1962 XLII
1259 1911 1384 1966 236.
1430 1922 1491 1961 v,
1535 1903 1898 1962 Dissenium
1942 1904 2021 1964 ad
2067 1904 2296 1964 Tibull.
2343 1905 2436 1964 IV
2478 1912 2529 1978 2,
2578 1913 2633 1964 5.

662 2019 892 2079 Edaeis
936 2021 1113 2081 huius
1158 2023 1319 2100 ignis
1365 2023 1565 2101 ipsum
1620 2022 1997 2082 absumentis
2056 2043 2287 2082 memor
2344 2021 2422 2082 ad
2481 2021 2746 2082 arbores

492 2123 712 2181 iterum
768 2143 982 2182 versus
1052 2145 1129 2184 ex
1185 2125 1273 2184 eis
1333 2124 1607 2202 quaerit,
1683 2145 1832 2182 num
1891 2132 1953 2183 et
2006 2125 2182 2204 ipsae
2242 2124 2353 2183 tali
2410 2133 2752 2182 urerentur

495 2224 766 2283 desideri
810 2225 1069 2284 flamma.
1161 2245 1323 2305 quae
1369 2245 1504 2284 eum
1549 2233 1734 2285 antea
1778 2226 1900 2284 iam
1942 2227 2253 2306 persecuti
2298 2227 2499 2299 simus,
2546 2245 2751 2284 unum

493 2324 612 2384 hoe
656 2345 822 2383 nunc
867 2327 1179 2401 adicimUS,
1229 2345 1414 2407 quam
1442 2327 1510 2386 id
1550 2325 1760 2386 subtili
1791 2335 1921 2387 arte
1952 2335 2139 2406 poeta
2165 2327 2517 2400 instituerit,
2568 2327 2751 2405 quod

493 2434 688 2485 totum
754 2447 1097 2488 sermonem
1141 2427 1372 2487 Aconti
1438 2448 1513 2487 ea
1572 2428 1653 2488 ad
1712 2428 1959 2489 arbores
2008 2428 2385 2509 apostropha
2427 2429 2751 2508 utrimque

499 2529 675 2608 quasi
721 2529 1001 2589 cinxerit.
1093 2550 1212 2610 quo
1259 2527 1509 2610 quidem
1556 2539 1867 2590 assecutus
1923 2531 2042 2590 hoe
2089 2539 2211 2605 est,
2271 2539 2339 2589 ut
2382 2531 2753 2590 universam

497 2629 841 2690 orationem
884 2639 1051 2690 certo
1099 2631 1368 2713 quodam
1410 2633 1683 2710 tingeret
1728 2633 1953 2691 colore.

666 2750 1100 2827 Buttmannus‚
1131 2748 1236 2810 ubi
1266 2749 1459 2810 verba
1492 2750 1567 2810 ab
1587 2750 1857 2818 Acontio
1892 2750 1971 2810 ad
2004 2749 2253 2810 arbores
2284 2748 2449 2810 dieta
2480 2770 2751 2811 comme-

495 2859 732 2910 morata
778 2861 1004 2925 essent,
1050 2852 1206 2911 haee
1248 2853 1487 2912 inserta
1530 2851 1721 2912 fuisse
1753 2851 2081 2912 arbitratur
2120 2850 2389 2930 (Gallim.
2423 2853 2541 2931 frg.
2572 2850 2749 2930 236);

1715 2960 1847 3028 ἀλλ’
1896 2960 2232 3041 ἕπακουοῦς

903 3043 1014 3112 οὐκ
1061 3049 1243 3130 ἔσχεν.

498 3209 697 3270 eaque
741 3190 927 3249 vertit
969 3193 1232 3249 niemand
1271 3193 1458 3249 hoerle
1501 3191 1606 3250 vel
1648 3197 1729 3250 sie
1774 3191 1893 3270 (die
1920 3193 2187 3262 Baeume‚
2218 3193 2419 3250 Felsen
2464 3212 2523 3250 u.
2554 3210 2603 3250 s.
2636 3191 2751 3268 m.)

495 3294 720 3350 merten
748 3295 892 3350 nicht
920 3295 1036 3367 auf
1051 3297 1202 3350 seine
1227 3294 1294 3350 K
1289 3297 1468 3367 layen.
1515 3313 1673 3372 quae
1701 3301 1911 3352 tamen
1945 3293 2296 3353 coniectura
2326 3313 2461 3352 eum
2490 3295 2569 3372 sit
2598 3315 2752 3373 per-

454 3383 458 3387 *
495 3393 734 3450 incerta
776 3401 903 3451 tum
945 3415 1026 3453 ne
1072 3391 1406 3474 probabilis
1455 3394 1707 3474 quidem
1747 3396 1894 3454 mihi
1936 3386 2203 3455 videtur.
2292 3414 2435 3454 nam
2477 3405 2547 3454 ut
2587 3416 2756 3457 vera

499 3493 579 3552 sit
608 3493 1037 3574 interpretatio
1068 3497 1446 3570 Buttmanni,
1498 3495 1858 3556 Callimachi
1902 3488 2097 3556 rerba
2136 3493 2358 3556 eodem
2398 3497 2530 3557 iure
2559 3516 2753 3557 revo-

501 3581 626 3653 cari
684 3604 979 3673 poterunt
1034 3596 1115 3655 ad
1152 3597 1535 3673 ¹Herculem,
1610 3599 1715 3678 qui
1782 3599 2069 3658 amissum
2134 3615 2443 3677 quaerens
2504 3598 2755 3676 Hylam

499 3715 728 3755 nomen
801 3697 929 3757 eius
999 3718 1114 3777 per
1169 3707 1407 3758 montes
1470 3699 1845 3774 clamitabat,
1922 3708 1989 3759 ut
2050 3707 2143 3759 est
2196 3699 2264 3759 in
2322 3698 2751 3761 Callimaeheo

499 3799 850 3876 fragmento
896 3807 997 3862 507
1043 3801 1229 3860 Blmf.

905 3893 1086 3970 ἰύζων
1131 3895 1185 3958 δ’
1237 3893 1334 3958 ἄν’
1377 3892 1533 3980 ὅρος.

502 4035 580 4094 ef.
611 4036 954 4096 Rauohium
997 4037 1038 4096 1.
1073 4059 1123 4097 c.
1171 4059 1247 4116 p..
1265 4047 1354 4102 36.
1427 4039 1726 4119 Apollon.
1756 4039 1959 4098 Rhod.
2002 4037 2037 4098 Ι
2069 4045 2223 4113 1272,
2270 4039 2536 4098 Theoor.
2567 4035 2757 4102 XIII

501 4144 588 4208 58,
633 4136 823 4215 Prop.
856 4140 889 4197 I
917 4146 1003 4213 20,
1051 4146 1120 4202 49
1149 4160 1242 4219 sq.
1288 4141 1497 4200 Valer.
1532 4140 1742 4200 Flaoe.
1770 4142 1874 4200 111
1903 4149 2006 4204 596
2036 4140 2129 4220 sq.
2194 4141 2301 4200 vel
2345 4141 2607 4202 fortasse
2656 4143 2752 4202 ad

501 4235 877 4314 Phyllidem.
925 4239 1004 4298 ef.
1039 4236 1156 4299 Ov.
1187 4260 1335 4300 rem.
1367 4249 1492 4304 597.
1582 4242 1699 4302 sed'
1725 4243 1921 4320 magis
1954 4261 2028 4302 eo
2072 4240 2325 4317 inclino,
2370 4252 2440 4302 ut
2467 4243 2577 4303 illa
2618 4243 2757 4305 hoe
