2917 4992
180 500 318 558 meri
363 498 622 558 anecdd.
671 498 790 559 Ox.
839 499 908 558 II
948 519 1012 578 p.
1059 505 1164 562 436
1205 518 1255 558 s.
1303 517 1361 557 v.
1399 482 1669 576 Ἑκάλη).
1729 519 1849 579 quo
1895 500 2169 579 pertinet
2214 500 2399 561 Calli·

180 601 364 660 machi
405 601 521 678 frg.
567 609 698 663 429:

1530 700 1705 760 τοῦτο
1747 689 1861 780 γὰρ
1902 688 2095 776 αὐτὴν

566 802 832 879 κωμῆται
876 792 1090 872 κάλεον
1134 797 1436 882 περιηγέες

181 931 234 981 et
273 923 388 1000 frg.
430 931 531 984 41:

1288 1025 1418 1080 τῖον
1464 1018 1527 1080 δέ
1570 1017 1600 1081 ἓ
1640 1011 1857 1092 πάντες
1900 1009 2093 1080 ὁδῖται

681 1106 799 1200 ἦρα
842 1121 1210 1198 φιλοξενίης·
1254 1119 1348 1200 ἔχε
1389 1111 1504 1201 γὰρ
1547 1119 1711 1202 τέγος
1752 1113 2093 1198 ἆκλήιστον.

180 1278 246 1335 cf.
276 1277 576 1336 Naekium
607 1277 761 1336 Hec.
794 1297 856 1356 p.
894 1282 960 1336 18
987 1296 1080 1356 sq.
1116 1283 1177 1334 et
1209 1287 1302 1337 101
1338 1295 1478 1357 sqq.
1517 1307 1588 1318 —
1626 1283 1687 1334 et
1728 1276 1795 1334 in
1827 1275 2099 1335 Crameri
2131 1274 2392 1334 anecdd.

181 1377 285 1436 Ox.
329 1379 420 1438 IV
465 1399 525 1456 p.
571 1385 704 1440 403:
773 1366 1034 1454 Ἀχιλεύς
1089 1370 1203 1456 γαρ
1257 1368 1377 1435 ἀπὸ
1437 1377 1545 1435 τοῦ
1586 1368 1729 1453 ἄχος
1774 1369 1927 1435 εἶναι
1962 1365 2210 1434 Ἰλεῦσιν
2255 1375 2392 1454 (sic)

179 1466 350 1555 ἤγουν
401 1481 526 1549 τοῖς
588 1474 791 1554 Τρωσὶ
847 1466 999 1536 κατὰ
1054 1475 1467 1556 φερωνυμίαν·
1525 1465 1644 1536 ὑπὸ
1698 1468 1811 1556 γὰρ
1866 1476 2037 1548 θείας
2096 1475 2394 1556 προνοίας,

184 1569 249 1650 ὦς
301 1577 416 1654 ἔφη
471 1577 871 1656 Καλλίμαχος,
929 1572 1160 1656 ἐκλήθη
1213 1569 1417 1648 οὕτως.
1509 1599 1667 1660 quae
1726 1578 1944 1639 eadem
1999 1579 2131 1640 fere
2175 1580 2394 1638 Eusta-

180 1681 324 1758 thius
378 1681 569 1741 habet
627 1681 704 1740 ad
749 1681 824 1740 Il.
883 1702 944 1761 p.
997 1688 1089 1755 14,
1157 1681 1279 1740 nisi
1338 1680 1504 1760 quod
1560 1701 1671 1760 pro
1723 1680 2079 1740 Callimachi
2145 1681 2395 1740 nomine

180 1784 340 1860 ponit
393 1774 560 1840 καθά
615 1803 702 1852 τις
762 1779 896 1858 ἔφη.
923 1778 971 1859 ¹)
1065 1781 1284 1841 eodem
1339 1783 1475 1842 loco
1532 1781 1992 1841 memorandum
2039 1781 2397 1842 Callimachi

183 1892 264 1942 est
312 1885 426 1962 frg.
482 1875 546 1947 '61
615 1904 691 1944 ex
745 1883 984 1944 Hecala
1043 1883 1501 1964 depromptum,
1572 1883 1802 1964 quippe
1864 1903 1982 1964 quo
2044 1882 2123 1942 ad
2184 1890 2394 1942 notam

179 1985 327 2043 illam
367 1985 446 2044 de
497 1984 832 2044 Erechthei
877 1986 980 2044 vel
1020 1985 1382 2044 Erichthoni
1428 1986 1667 2063 origine
1714 1985 2081 2045 obscaenam
2126 1985 2396 2043 fabulam

181 2086 334 2146 huius
390 2107 618 2146 nomen
680 2094 1018 2146 revocetur.
1119 2107 1490 2167 quamquam
1548 2088 1712 2146 hanc
1772 2088 2206 2166 etymologiam
2272 2087 2392 2144 fre-

183 2196 517 2266 quentatam
563 2185 889 2248 admodum
929 2208 1075 2247 num
1107 2188 1514 2248 Callimachus
1560 2189 1787 2268 primus
1832 2187 2169 2262 invenerit,
2220 2185 2392 2245 dubi-

181 2290 313 2349 tatio
373 2309 511 2348 esse
568 2298 792 2369 potest.
853 2290 928 2348 cf.
974 2290 1318 2348 Prellerum
1371 2289 1627 2369 mythol.
1675 2290 1707 2348 I
1750 2309 1813 2369 p.
1866 2295 1963 2351 158
2007 2309 2068 2347 n.
2115 2298 2165 2362 2,
2218 2288 2391 2368 Hey-

180 2391 327 2448 nium
371 2390 450 2449 ad
496 2390 790 2469 Apollod.
833 2391 938 2450 III
983 2398 1078 2464 14,
1126 2400 1190 2464 6,
1236 2391 1545 2450 Naekium
1588 2392 1743 2451 Hec.
1790 2413 1852 2472 p.
1895 2399 1980 2454 69.
2060 2390 2156 2450 his
2210 2409 2393 2469 porro

180 2493 471 2550 nominum
527 2492 761 2552 lusibus
818 2491 1154 2552 adnumero
1204 2491 1566 2552 Callimachi
1611 2493 1726 2572 frg.
1776 2491 1943 2572 quod
2002 2500 2170 2552 extat
2226 2491 2391 2570 apud

179 2592 500 2653 Herodian.
549 2593 628 2652 de
677 2593 820 2652 dict.
867 2594 1028 2652 solit.
1074 2593 1268 2652 XLII
1310 2601 1376 2656 27
1393 2616 1407 2652 ε
1484 2589 1705 2670 λέγεται
1753 2589 1817 2652 δὲ
1876 2584 2052 2672 (ἄτη)
2110 2589 2209 2649 καὶ
2266 2611 2386 2666 τρι-

179 2683 458 2770 συλλάβως
504 2689 567 2750 ἐν
611 2693 862 2774 συστολῇ
905 2693 1012 2752 τοῦ
1055 2714 1113 2768 α,
1161 2687 1240 2764 ὡς
1283 2682 1446 2771 παρὰ
1488 2693 1575 2776 τῷ
1619 2691 1943 2774 Κυρηναίῳ

610 2809 726 2870 εἴτε
771 2831 875 2888 μιν
917 2799 1170 2891 ἆργείων
1214 2801 1324 2890 χρὴ
1370 2808 1480 2888 μὲν
1524 2814 1727 2871 καλεῖν
1768 2803 1958 2887 ἆοὲτην

183 2966 318 3024 quae
357 2948 652 3007 Lehrsius
708 2947 790 3007 ad
834 2948 896 3008 h.
940 2947 983 3010 1.
1031 2949 1280 3026 corrigit
1337 2931 1454 3006 εἴτε
1508 2967 1615 3023 μιν
1652 2941 1933 3026 Ἀργείων
1988 2945 2101 3024 χρῆ
2160 2941 2391 3005 καλέειν

182 3039 376 3122 ἆᾰτην,
443 3048 768 3108 Heckerus
827 3068 1038 3108 comm.
1102 3049 1180 3108 de
1237 3048 1407 3108 anth.
1468 3057 1607 3112 1843
1661 3071 1722 3128 p.
1770 3059 1876 3111 200
1931 3047 2047 3106 εἴτε
2104 3069 2208 3124 μιν
2256 3041 2387 3123 Ἀρ-

182 3148 330 3222 γείων
373 3149 524 3226 χρῆν
567 3169 638 3224 με
683 3151 884 3207 καλεῖν
928 3137 1140 3225 ἆᾶτην,
1187 3152 1440 3230 optione
1484 3159 1691 3209 tamen
1740 3149 1885 3209 data
1925 3151 2091 3209 inter
2132 3133 2282 3226 χρῆν
2328 3158 2391 3208 et

183 3243 296 3325 χρή,
341 3272 596 3332 quorum
639 3253 944 3331 posterius
990 3253 1440 3332 amplectuntur
1470 3251 1773 3328 Bergkius
1820 3251 1987 3312 anth.
2018 3251 2139 3331 lyr.
2170 3271 2229 3329 p.
2265 3260 2386 3324 131,

185 3348 243 3409 Ο.
274 3351 684 3414 Schneiderus
715 3353 995 3433 prolegg.
1026 3355 1094 3413 in
1126 3362 1247 3413 aet.
1280 3374 1343 3433 p.
1375 3361 1458 3427 16,
1492 3352 1797 3414 Rauchius
1831 3353 1933 3414 die
1962 3352 2121 3432 frgg.
2169 3352 2227 3413 d.
2259 3352 2387 3413 Ait.

185 3580 396 3654 εἰσκάλη-
423 3575 464 3652 ἢ
500 3575 730 3654 dadin,
771 3578 814 3652 ἦ
853 3580 994 3652 πρὸς
1032 3579 1246 3652 ἑαυτὴν
1279 3581 1701 3653 προτρέπουσα·
1732 3581 1951 3654 -φιλικὴ
1990 3583 2126 3654 γάρ·
2180 3579 2256 3647 ὥς
2290 3583 2387 3638 καὶ

89 3712 104 3735 ‚
177 3659 500 3738 Ἑκαλήσιος·
531 3663 740 3738 Ἑκάλη
777 3658 883 3724 οὖν
919 3689 967 3726 c.
1005 3689 1056 3738 q.
1095 3688 1140 3724 s.

296 3755 334 3822 ¹)
367 3757 554 3807 Aliam
589 3756 834 3807 eiusdem
858 3757 1096 3822 nominis
1120 3758 1549 3822 originationem
1576 3773 1805 3823 eamque
1830 3756 1977 3807 haud
2001 3757 2251 3822 profecto
2276 3755 2387 3806 ele·

184 3841 464 3902 gantiorem
488 3841 744 3907 producit
765 3841 1044 3906 Euphorio
1071 3841 1178 3906 frg.
1202 3842 1267 3891 56
1291 3841 1386 3891 ubi
1410 3860 1462 3892 v.
1490 3841 1734 3893 Meinek.
1759 3842 1818 3891 in
1844 3840 2135 3892 analectis.
2184 3844 2385 3888 utram-

184 3938 266 3985 que
301 3925 456 3976 simul
492 3926 708 3991 profert
743 3925 1045 3976 scholiasta
1083 3926 1154 3976 ad
1189 3925 1255 3976 11.
1294 3927 1338 3975 A
1377 3929 1423 3991 1,
1463 3927 1687 3992 pronior
1719 3925 1815 3977 ille
1852 3926 1908 3975 in
1935 3924 2387 3986 Callimacheam.

183 4022 282 4057 eam
324 4015 515 4062 contra
550 4010 922 4074 Euphorionis
969 4025 1125 4060 suam
1175 4009 1394 4061 faciunt
1429 4011 1629 4062 Suidas
1667 4014 1723 4060 et
1758 4010 1929 4062 schol.
1964 4009 2028 4060 Il.
2066 4009 2128 4060 H
2161 4010 2245 4059 3⁷.
2320 4025 2387 4058 ac

181 4090 315 4152 plura
350 4096 520 4144 etiam
556 4094 676 4144 eius
712 4094 946 4145 nominis
981 4099 1354 4160 proponuntur
1387 4094 1697 4159 veriloquia
1734 4098 1897 4158 etym.
1938 4092 2075 4146 Gud.
2109 4110 2161 4158 p.
2201 4095 2284 4156 99,
2322 4095 2388 4143 33

183 4179 228 4224 et
259 4182 409 4240 etym.
449 4195 519 4230 m.
557 4195 608 4243 p.
648 4179 764 4242 181,
801 4181 891 4230 25.
960 4179 1347 4244 etymologiam
1388 4179 1556 4245 plane
1604 4194 1759 4228 suam
1806 4177 1998 4229 vendit
2032 4177 2387 4230 Ptolemaeus

182 4273 285 4310 nov.
320 4262 444 4314 hist.
481 4263 539 4312 in
575 4263 738 4312 Photi
774 4264 908 4314 bibl.
944 4265 972 4314 1
1008 4280 1060 4329 p.
1103 4265 1198 4315 152
1223 4265 1257 4314 b
1295 4267 1359 4315 31
1396 4263 1574 4315 Bekk.
