2917 4992
1240 265 1709 330 -136—

361 443 664 525 epistulae
708 442 875 502 XXI
919 460 1106 502 versu
1147 449 1184 504 8
1213 440 1286 500 L.
1351 459 1471 499 nec
1519 438 1682 498 enim
1728 437 1977 499 dubium
2024 449 2145 514 est,
2208 441 2355 521 quin
2401 443 2602 520 primo

356 530 410 588 L
470 528 726 588 desierit
777 529 844 586 in
888 546 948 626 y.
997 535 1064 586 12
1109 545 1208 604 ep.
1254 525 1446 598 XXI,
1512 531 1804 604 quattuor
1862 524 2142 585 versibus
2198 527 2263 584 in
2323 535 2604 587 extremo

359 614 510 673 folio
563 621 732 672 recto
791 611 1068 690 scriptis,
1141 609 1290 670 dein
1348 630 1485 668 cum
1552 607 1749 668 codex
1810 608 2061 689 quidam
2114 611 2421 689 integram
2475 611 2606 692 Cy-

360 697 593 778 dippae
642 697 968 776 epistulam
1023 696 1352 754 continens
1393 694 1751 767 offerretur,
1812 703 2083 754 extremo
2130 696 2277 754 folio
2324 695 2604 756 abscisso

359 783 668 862 novisque
713 781 982 859 alligatis
1029 779 1276 840 saeculo
1322 779 1533 838 forsan
1577 779 1703 838 XV
1748 786 2015 839 exeunte
2068 799 2349 840 mancum
2393 801 2605 840 exem-

358 869 500 946 plar
537 868 620 928 sit
651 866 1037 946 completum.
1100 874 1162 924 at
1207 883 1344 925 cum
1386 863 1679 924 librorum
1720 863 1822 926 P3
1852 863 1956 924 Ga
1985 883 2025 921 v
2070 865 2357 925 artiorem
2400 865 2609 926 affini-

357 960 547 1012 tatem
593 951 838 1011 evincat
883 949 1223 1028 communip
1270 949 1558 1009 vitiorum
1602 967 1761 1028 quae
1804 946 2041 1008 habent
2082 949 2148 1007 in
2181 949 2463 1010 versibus
2498 970 2607 1030 ep.

358 1037 522 1098 XXI
551 1044 652 1110 34,
697 1045 798 1108 40,
845 1041 944 1108 45,
991 1042 1089 1109 71,
1133 1043 1231 1108 80,
1283 1043 1410 1107 109,
1463 1042 1594 1107 123,
1645 1041 1772 1106 129,
1827 1040 1951 1106 144,
1999 1053 2128 1093 non
2164 1032 2605 1109 dubitabimus,

361 1122 510 1201 quin
557 1121 623 1179 in
665 1139 709 1178 v
751 1140 948 1199 usque
991 1118 1072 1177 ad
1100 1138 1162 1178 v.
1199 1125 1299 1180 144
1342 1117 1544 1178 codex
1589 1116 1841 1197 quidam
1884 1116 1961 1176 ab
2006 1118 2216 1178 mutilo
2260 1119 2609 1198 archetypo

360 1205 672 1266 derivatus
727 1204 1023 1284 librisque
1079 1205 1132 1264 P
1159 1210 1195 1264 3
1237 1202 1296 1264 G
1319 1213 1354 1268 3
1409 1204 1706 1280 gemellus
1765 1201 2033 1262 adscitus
2092 1204 2191 1262 sit.
2282 1201 2611 1284 discrepat

363 1310 500 1349 cum
543 1311 591 1364 r,
638 1290 705 1349 in
752 1309 872 1370 quo
921 1287 1340 1349 emendatoris
1385 1287 1735 1348 constantia
1777 1287 2043 1366 vestigia
2087 1297 2423 1368 apparent,
2470 1297 2613 1348 tum

358 1376 623 1436 maxime
665 1375 740 1433 L.

527 1493 812 1556 Virorum
856 1490 1174 1552 doctorum
1218 1490 1600 1551 coniecturas
1646 1489 1949 1570 adscripsi
1992 1489 2273 1550 selectae.

526 1628 820 1707 Denique
863 1626 1320 1687 Planudeae
1377 1624 1900 1705 metaphrasis
1959 1625 2062 1685 vel
2106 1626 2408 1704 particula
2449 1648 2609 1686 num

359 1713 556 1772 lucem
611 1719 973 1785 mereretur,
1031 1720 1356 1790 postquam
1409 1710 1654 1788 perlegi
1710 1709 2137 1789 apographum
2195 1710 2271 1770 ab
2318 1711 2613 1772 Holdero

360 1798 809 1857 accuratissime
853 1795 1226 1869 confectum,
1289 1794 1646 1855 dubitabam
1690 1796 2050 1875 paullisper.
2128 1815 2272 1854 nam
2318 1806 2609 1875 apparet,

357 1881 705 1941 Planudem
760 1901 935 1941 usum
995 1899 1132 1940 esse
1189 1881 1299 1940 vili
1359 1879 1625 1960 quodam
1680 1879 1836 1939 libro
1897 1881 2031 1939 eius
2077 1881 2357 1958 generis,
2430 1882 2612 1940 cuius

360 1974 658 2026 sexcenta
701 1984 816 2025 nos
863 1964 1246 2043 possidemus
1294 1961 1704 2043 exemplaria,
1754 1984 1826 2024 ac
1868 1965 2102 2024 bonum
2144 1965 2455 2024 hominem
2492 1965 2613 2042 de-

359 2049 618 2110 sudasse
662 2051 729 2108 in
763 2049 996 2109 eisdem
1027 2049 1158 2109 fere
1191 2049 1490 2129 corruptis
1524 2068 1837 2128 sensuque
1868 2048 2031 2108 haud
2064 2069 2202 2108 raro
2230 2050 2421 2109 cassis
2450 2068 2601 2110 ver-

360 2133 526 2194 sibus
561 2133 1012 2213 exprimendiS,
1062 2134 1167 2213 qui
1195 2132 1382 2193 hodie
1412 2135 1703 2211 leguntur
1732 2135 1797 2192 in
1842 2134 2234 2212 interpolatis
2278 2133 2471 2193 libris.
2534 2143 2612 2194 et

362 2219 614 2299 quidem
669 2220 900 2278 affatim
957 2238 1165 2278 crassa
1205 2219 1494 2278 Minerva
1547 2236 1676 2278 rem
1728 2218 2087 2297 impeditam
2143 2218 2614 2279 administravit

361 2324 568 2384 neque
615 2305 893 2383 apprime
936 2303 1164 2361 Latine
1209 2303 1456 2363 doctum
1502 2321 1641 2362 sese
1672 2303 2011 2382 praestitit,
2060 2303 2310 2383 quando
2349 2304 2617 2383 quidem

359 2408 420 2446 v.
467 2408 519 2447 c.
581 2389 730 2448 satis
785 2387 997 2467 lepide
1053 2391 1352 2446 conciliare
1409 2384 1760 2463 (consiliare)
1808 2387 1940 2448 XX
1982 2393 2053 2448 24
2106 2390 2294 2447 vertit
2347 2387 2617 2464 συμβου-

361 2464 554 2530 λεύειν
601 2491 671 2532 ac
715 2472 1108 2552 participium
1152 2475 1348 2529 clausa
1393 2472 1525 2530 XX
1569 2479 1672 2532 242
1716 2471 1891 2542 κλείς.
1982 2491 2116 2532 cum
2170 2471 2365 2531 nihilo
2410 2474 2611 2533 setius

358 2558 477 2618 hoc
533 2576 712 2617 serae
770 2565 832 2616 at
876 2557 1024 2616 satis
1070 2556 1273 2616 adhuc
1315 2575 1514 2635 purae
1562 2555 1933 2617 Graecitatis
1975 2563 2437 2616 monumentum
2478 2559 2614 2616 iam

362 2663 440 2702 ex
481 2651 661 2721 parte
707 2641 905 2714 edam,
951 2641 1069 2701 hoc
1112 2643 1259 2700 nolo
1308 2660 1382 2700 ea
1426 2660 1495 2699 re
1542 2660 1854 2714 excusare,
1904 2640 2071 2721 quod
2101 2642 2408 2720 integrum
2434 2642 2613 2701 Len·

360 2728 582 2806 nepius
641 2735 773 2786 erat
821 2724 1094 2790 editurus
1158 2725 1264 2804 (cf.
1309 2725 1601 2804 Lennepi
1646 2725 1844 2804 praef.
1890 2724 2125 2785 heroid.
2171 2746 2234 2805 p.
2282 2727 2410 2788 VII
2450 2723 2609 2806 sq.)‚

359 2819 463 2869 aut
530 2810 693 2892 quod
761 2812 879 2870 viri
950 2810 1115 2871 docti
1172 2818 1303 2869 tota
1361 2805 1680 2869 volumina
1735 2811 2089 2870 versionum
2142 2810 2614 2870 Planudearum

359 2897 528 2955 nullo
575 2895 769 2955 ferme
815 2905 996 2974 pacto
1043 2896 1160 2954 hac
1200 2895 1507 2954 utiliorum
1552 2896 1828 2954 certatim
1875 2894 2222 2954 ediderunt.
2284 2894 2395 2954 sed
2426 2896 2480 2954 si
2509 2897 2615 2956 nil

360 2979 532 3040 aliud
579 2989 744 3039 certe
786 2981 907 3039 hoc
953 2979 1190 3038 existis
1221 2979 1487 3058 pagellis
1534 2978 1805 3040 discatur
1850 2978 1926 3038 ab
1972 2981 2061 3039 eis
2110 2999 2370 3059 quorum
2410 2980 2611 3039 inter-

361 3073 484 3137 est,
531 3063 919 3124 Planudeam
962 3065 1314 3124 versionem
1357 3062 1437 3122 ad
1473 3063 1893 3124 emendandas
1928 3065 2223 3143 epistulas
2257 3063 2612 3125 Ovidianas

358 3149 584 3209 nullius
632 3168 769 3208 esse
811 3169 986 3222 usuS,
1034 3160 1100 3208 ut
1145 3149 1198 3208 si
1242 3149 1336 3209 cui
1383 3148 1543 3212 forte
1566 3150 1751 3208 totius
1781 3147 1987 3208 edita-e
2018 3149 2323 3209 versionis
2356 3148 2611 3208 deside-

357 3231 511 3293 rium
556 3235 768 3307 fuerit,
817 3234 868 3293 is
913 3234 1031 3293 hoc
1074 3235 1195 3292 iam
1238 3233 1580 3313 specimine
1626 3242 1955 3294 contentus
2000 3234 2079 3292 sit
2124 3233 2379 3293 futurus.
2454 3253 2611 3292 con-

356 3319 588 3378 tinetur
642 3327 848 3378 autem
898 3317 1226 3378 Planudea
1291 3318 1699 3397 metaphrasis
1759 3318 1973 3378 codice
2031 3317 2138 3378 Gr.
2192 3316 2341 3376 bibl.
2397 3317 2611 3379 Paris·

356 3403 569 3481 imper.
616 3410 754 3464 2848
816 3403 978 3482 (3345
1033 3402 1199 3483 apud
1242 3399 1820 3480 Montefalconium)
1881 3403 2202 3463 chartaceo
2264 3422 2428 3462 saec.
2474 3403 2616 3464 XV

360 3486 672 3556 exeuntis,
719 3487 828 3546 fol.
861 3495 962 3550 265
987 3509 1024 3546 a
1065 3507 1260 3567 usque
1308 3485 1387 3545 ad
1419 3495 1526 3550 340
1549 3507 1604 3546 a.
1652 3487 1976 3567 praecedit
2018 3487 2615 3566 metamorphoseon

287 3616 302 3631 .
356 3571 762 3650 metaphrasis
821 3571 897 3630 ab
947 3571 1168 3631 eodem
1211 3571 1496 3631 Planude
1544 3573 1913 3651 conscripta.
1991 3571 2159 3652 quod
2216 3573 2283 3631 in
2338 3573 2614 3650 primum

359 3656 544 3716 editis
590 3655 945 3716 faciendum
987 3657 1407 3736 praecipiunt,
1456 3657 1880 3736 apographum
1924 3656 2071 3717 dedi
2114 3658 2423 3735 integrum
2468 3676 2613 3716 cor·

356 3743 540 3802 rectis
599 3763 724 3801 non
782 3742 903 3801 nisi
960 3740 1311 3801 accentibus
1372 3749 1434 3800 et
1478 3743 1984 3821 interpunctione
2030 3742 2292 3821 aliisque
2351 3740 2612 3821 quibus-

361 3824 499 3885 dam
551 3827 789 3904 pusillis
851 3828 1084 3887 erratiS.
1161 3827 1544 3886 coniecturas
1589 3846 1758 3886 meas
1818 3835 1879 3886 et
1926 3826 2224 3906 quasdam
2267 3828 2613 3887 amicorum
2654 3889 2659 3892 ,

356 3910 422 3968 in
468 3911 675 3971 infima
718 3912 952 3990 pagina
997 3912 1312 3974 adnotavi.
