2917 4992
1377 406 1454 414 -
1553 363 1842 426 120-

497 543 785 604 mercium
815 550 1052 620 spectat
1086 549 1146 600 et
1175 547 1332 612 2273,
1369 539 1726 619 quibuscum
1758 557 2091 616 componas
2124 539 2388 598 Theocr.
2416 539 2611 600 XVII
2642 535 2735 615 90)

498 666 610 726 pro
658 653 821 703 certo
869 645 1000 702 fere
1044 640 1400 702 habendum
1449 649 1571 713 est,
1629 632 1995 699 'Callimachi
2053 641 2115 698 in
2164 640 2390 698 Delum
2444 641 2739 720 hymnum

498 749 564 806 in
638 766 811 806 usum
881 744 1159 805 theoriae
1234 743 1487 802 alicuius
1552 741 1851 802 Deliacae
1924 762 1963 799 a
2024 739 2436 821 Philadelpho
2464 737 2510 820 ¹)
2590 755 2739 820 rege

501 847 887 908 Alexandria
942 850 1164 910 missae
1223 845 1627 924 compositum
1684 863 1841 903 esse.
1868 837 1921 919 ²)
2024 844 2117 902 cui
2165 843 2415 923 quidem
2459 844 2741 904 theoriae

504 951 652 1030 quin
697 952 831 1030 ipse
878 957 1066 1030 poeta
1109 950 1360 1010 honoris
1407 965 1625 1008 caussa
1670 944 1917 1010 additus
1962 944 2149 1010 fuerit
2211 945 2319 1010 vix
2388 965 2501 1028 ego
2566 945 2741 1010 dubi·

502 1053 780 1112 taverim.

565 1136 580 1154 ⁸
673 1155 851 1213 Haec
893 1155 1078 1232 igitur
1124 1155 1329 1214 omnia
1371 1162 1497 1212 tam
1541 1154 1869 1230 insigniter
1912 1155 2075 1213 inter
2118 1173 2187 1212 se
2230 1155 2625 1228 conveniunt,
2676 1164 2747 1215 ut

506 1277 617 1316 sua
661 1275 728 1316 se
789 1255 1120 1316 concordia
1176 1263 1381 1316 mutue
1444 1255 1802 1314 confirmare
1856 1255 2205 1315 videantur.
2292 1277 2483 1316 unum
2528 1265 2745 1316 tamen

508 1366 728 1432 restat,
764 1357 930 1438 quod
969 1359 1168 1417 minus
1195 1377 1380 1436 posse
1408 1357 1681 1437 perspici
1713 1375 1899 1434 aegre
1928 1357 2198 1417 ferimuS.
2254 1357 2481 1418 Aconti
2510 1378 2746 1418 nomen

509 1480 695 1539 supra
743 1460 830 1538 (p.
877 1456 971 1536 41)
1025 1459 1154 1519 dixi
1215 1479 1292 1520 ex
1335 1479 1402 1519 re
1455 1459 1660 1520 fictum
1718 1477 1854 1518 esse
1898 1459 2217 1539 ipsiusque
2262 1460 2585 1522 locutionis
2630 1459 2747 1536 μῆ-

506 1563 610 1617 λον
653 1549 984 1630 ἆκοντίζειν
1033 1560 1152 1620 duo
1201 1562 1376 1621 attuli
1408 1561 1723 1640 exempla,
1773 1580 1932 1640 quae
1980 1581 2131 1620 sane
2161 1561 2339 1620 unius
2371 1563 2566 1621 instar
2594 1563 2744 1623 sint.

507 1683 640 1721 cum
698 1651 1128 1722 Aristaenetus
1185 1663 1224 1721 l.
1283 1683 1333 1722 c.
1391 1663 1731 1722 Lucianum
1791 1663 2173 1740 excripserit.
2276 1663 2409 1723 noli
2475 1663 2743 1736 obicere,

505 1765 624 1823 hoc
668 1765 946 1843 argutule
995 1764 1223 1824 dictum
1267 1764 1341 1825 ab
1385 1765 1633 1824 rhetore
1678 1765 1871 1843 ipsius
1904 1764 2111 1822 forsan
2148 1763 2545 1824 Callimachei
2574 1765 2749 1824 lusus

507 1867 668 1926 illius
713 1868 966 1926 memori
1013 1887 1132 1926 nec
1179 1867 1400 1926 decere
1445 1868 1779 1944 ingenuam
1810 1866 2265 1944 simplicitatem
2295 1867 2587 1945 primitivi
2614 1887 2750 1926 ser-

509 1969 739 2042 monis,
788 1967 1127 2027 secundum
1160 1989 1341 2048 quem
1384 1957 1714 2034 ἀκοντίζειν
1759 1967 1837 2026 sit
1880 1955 2104 2025 ἅκοντα
2148 1969 2253 2026 vel
2282 1968 2577 2046 spiculum
2606 1969 2750 2028 mit-

507 2077 662 2128 tere.
725 2056 1057 2138 ἀκοντίζειν
1101 2071 1354 2150 proprie
1401 2069 1707 2147 significat
1752 2068 1917 2148 quod
1950 2089 2063 2128 nos
2098 2068 2350 2128 dicimus
2380 2065 2751 2146 schnellen3),

505 2158 672 2227 ἄκων
716 2189 840 2230 was
879 2175 1178 2246 yeschnelll
1217 2175 1394 2240 wird,
1443 2161 1747 2240 Ἀκόντιος
1790 2173 1893 2227 der
1938 2172 2244 2230 Schneller.
2263 2166 2314 2248 ⁴²)
2404 2172 2524 2230 iam
2568 2180 2752 2231 nota-

505 2271 632 2332 bile
703 2272 890 2333 debet
953 2273 1181 2346 videri,
1266 2271 1463 2353 quod,
1524 2292 1656 2331 cum
1714 2272 1943 2330 Aconti
2016 2291 2243 2332 nomen
2309 2271 2388 2331 ad
2458 2291 2590 2332 rem
2672 2273 2757 2332 sit

507 2375 710 2434 fictum
775 2383 962 2454 atquc
1031 2377 1278 2434 omnino
1348 2374 1556 2434 fabula
1624 2393 1704 2433 ex
1770 2393 1841 2433 eo
1908 2373 2126 2434 ordine
2172 2375 2279 2446 sit,
2340 2375 2406 2433 in
2452 2394 2571 2453 quo
2638 2395 2754 2434 no-

648 2539 687 2604 ¹)
727 2543 846 2592 Hoc
886 2544 1030 2592 enim
1066 2548 1334 2608 regnante
1373 2543 1570 2608 scripti
1604 2543 1862 2592 videntur
1897 2557 1986 2592 vv.
2026 2543 2335 2604 171—188‚
2394 2542 2587 2608 quibus
2628 2541 2759 2592 Cel-

511 2631 691 2676 tarum
728 2632 946 2692 strages
983 2643 1082 2692 per
1105 2625 1527 2692 Philadelphum
1565 2627 1721 2676 facta
1757 2625 1993 2692 gloriose
2033 2625 2365 2676 celebratur.
2425 2630 2481 2676 et
2516 2627 2757 2676 eundem

509 2712 729 2762 omnino
775 2712 1198 2778 Philadelphum
1243 2713 1493 2763 novimus
1538 2726 1816 2761 sacrorum
1864 2716 1921 2761 et
1964 2725 2285 2776 pomparum
2330 2711 2759 2776 magnificentia

507 2797 567 2846 in
603 2797 796 2861 primis
835 2798 1084 2861 gavisum
1125 2811 1266 2846 esse.
1339 2797 1412 2848 cf.
1449 2797 1651 2846 Athen.
1687 2797 1735 2844 V
1772 2813 1823 2860 p.
1862 2798 1959 2847 196
1998 2811 2169 2844 a—e.

643 2879 685 2944 ²)
724 2881 918 2930 Eidem
954 2882 1126 2944 igitur
1161 2881 1505 2932 inserviebat
1539 2882 1679 2942 usui,
1720 2885 1881 2946 atque
1907 2881 2236 2930 Homericus
2260 2882 2319 2930 in
2342 2881 2559 2932 Delium
2585 2881 2759 2948 Apol-

501 2949 680 3016 linem
715 2965 974 3030 hymnus,
1023 2965 1249 3015 Pindari
1284 2981 1470 3030 paean
1505 2965 1775 3015 Deliacus
1824 2963 1919 3028 (cf.
1958 2965 2167 3031 Bergki
2202 2970 2374 3032 poett.
2409 2965 2509 3032 lyr.
2547 2983 2598 3032 p.
2626 2966 2757 3032 247)

510 3049 666 3112 Ceis,
720 3049 938 3099 Eumeli
989 3049 1300 3115 prosodiam
1351 3037 1643 3100 Deliacum
1698 3049 1795 3114 (cf.
1832 3050 1895 3100 O.
1934 3049 2261 3100 Muellerum
2306 3052 2439 3100 Dor.
2484 3051 2512 3100 Ι
2559 3067 2613 3116 p.
2654 3054 2759 3103 252

508 3135 862 3186 Welckerum
903 3134 1170 3187 Goetterl.
1207 3135 1262 3184 ΙΙ
1297 3151 1348 3200 p.
1389 3134 1511 3201 344)
1551 3135 1872 3195 Messeniis,
1918 3135 2176 3185 Pronomi
2222 3135 2409 3196 (Paus.
2448 3136 2527 3184 lx
2564 3138 2662 3196 12,
2702 3139 2759 3200 4)

508 3219 970 3270 Chalcidensibus
1032 3220 1417 3286 conscriptum.
1493 3235 1695 3286 eosque
1740 3234 2127 3284 praecessores
2187 3221 2305 3285 ipse
2369 3211 2760 3272 Callimachus

508 3305 738 3370 respicit
784 3307 843 3355 in
879 3305 1004 3356 Del.
1041 3307 1124 3368 28,
1167 3321 1324 3370 quem
1363 3305 1433 3354 ad
1480 3320 1699 3355 versum
1744 3303 1961 3354 scholia
2008 3304 2239 3354 Pindari
2288 3310 2343 3356 et
2389 3305 2761 3369 Bacchylidis

513 3385 642 3454 (frg.
670 3392 734 3440 57
763 3390 907 3455 apud
931 3389 1253 3456 Bergkium)
1291 3389 1624 3440 mentionem
1658 3389 1913 3438 iniciunt.
1963 3394 2207 3439 ceterum
2241 3394 2455 3455 partem
2489 3391 2763 3452 veritatis

511 3473 623 3521 iam
657 3473 1024 3538 ‘spanhemius
1062 3475 1387 3525 coniciendo
1422 3475 1581 3536 vidit,
1620 3474 1716 3524 sed
1753 3473 1919 3524 nullis
1954 3473 2050 3523 ille
2087 3489 2220 3524 usus
2259 3476 2620 3541 argumentis.
2684 3479 2762 3531 cf.

512 3557 630 3608 eius
669 3563 955 3608 comment.
995 3558 1078 3608 ed.
1116 3560 1246 3612 Em.
1285 3575 1334 3624 p.
1373 3561 1490 3610 373.

644 3641 686 3705 ³)
725 3643 807 3692 Ne
844 3642 1002 3707 plura
1041 3643 1286 3702 afferam,
1325 3635 1601 3702 ἀκοντίοις
1637 3644 1977 3708 serpentium
2004 3659 2177 3710 genus
2202 3649 2303 3706 est,
2346 3635 2765 3708 ἆπακοντίζειν
2816 3685 2826 3691 -

507 3727 820 3778 Herodotus
857 3729 934 3778 IV
971 3727 1336 3793 1815adhibet
1373 3729 1440 3778 de
1481 3744 1625 3792 aqua
1660 3727 2003 3793 prosiliente.
2078 3730 2324 3780 eiusdem
2370 3734 2497 3779 sunt
2543 3731 2766 3782 radicis

505 3817 630 3862 acer
666 3815 841 3878 aquila
877 3829 1012 3878 aqua
1047 3815 1220 3863 oculus
1256 3813 1388 3862 alia.
1462 3818 1525 3863 ut
1562 3817 1747 3863 autem
1785 3814 2005 3862 omnino
2052 3814 2111 3862 in
2146 3814 2329 3879 prisco
2367 3829 2619 3864 sermone
2661 3832 2767 3866 no-

507 3899 690 3946 tiones
727 3913 868 3961 quae
907 3902 1034 3946 sunt
1067 3899 1255 3960 scharf
1281 3902 1337 3948 et
1371 3899 1563 3948 selmell
1596 3899 1655 3947 in
1690 3914 1853 3948 unum
1880 3899 2286 3948 confunduntur
2322 3895 2421 3964 (cf.
2450 3891 2637 3963 θοός),
2678 3902 2768 3952 ita

508 3970 666 4032 ἄκων
714 3997 926 4048 quoque
973 3987 1260 4047 utramque
1307 3998 1416 4032 non
1463 3984 1639 4032 minus
1686 3983 1859 4033 habet
1903 3985 2150 4033 iunctam
2208 3999 2370 4048 quam
2412 3983 2593 4050 ipsum
2633 4003 2768 4038 acer

508 4066 854 4116 vocabulum.

641 4148 686 4213 ⁴)
739 4152 1020 4216 Lycaonis
1073 4152 1294 4217 quidam
1341 4151 1485 4202 filius
1529 4152 1779 4218 Apollod.
1828 4154 1911 4204 111
1958 4155 2016 4216 8,
2069 4155 2095 4203 1
2144 4143 2432 4218 Ἀκόντης,
2490 4153 2760 4220 idemque

509 4231 700 4297 Steph.
727 4235 860 4298 Byz.
890 4251 932 4286 s.
963 4252 1016 4287 v.
1049 4228 1715 4303 ’Ano'vuov'nuncupatur
1747 4229 2038 4296 Ἀκόντιος.
2108 4227 2393 4296 Ἀκοντεύς
2428 4252 2633 4288 nomen
2675 4246 2767 4291 est

443 4322 451 4327 '
514 4316 664 4367 anth.
703 4317 765 4370 P.
803 4319 879 4368 VI
915 4320 1004 4382 91,
1049 4320 1312 4372 Aconteus
1348 4321 1450 4372 Ov.
1489 4327 1617 4374 met.
1655 4323 1705 4374 V
1738 4324 1836 4374 201
1877 4326 1933 4371 et
1968 4323 2133 4388 Verg.
2172 4322 2308 4376 Aen.
2342 4321 2421 4372 XI
2456 4323 2575 4372 612.
