2917 4992
1357 316 1781 402 „547-

880 500 1185 552 comuntur
1229 500 1463 550 nostrae
1508 498 1694 548 matre
1738 493 1960 548 iubente
2004 507 2230 557 comae,

775 600 904 669 ipsa
949 599 1105 654 dedit
1144 611 1398 668 yemmas
1441 596 1627 668 diyitis
1671 601 1726 649 et
1768 594 2025 650 crinibus
2070 611 2280 650 aurum
2300 638 2313 661 ‚

882 708 936 755 et
981 705 1162 756 vestes
1204 699 1462 754 humeris
1505 697 1687 752 induit
1730 698 1858 767 ipsa
1904 697 2059 751 meis,
2168 697 2185 708 '

447 835 683 894 scilicet
713 853 824 913 per
854 833 968 892 hos
1001 832 1191 892 festos
1227 833 1360 892 dies
1390 833 1456 890 in
1488 839 1663 890 tanta
1702 830 2018 889 hominum
2049 829 2299 908 publica
2329 831 2704 910 frequentia

446 945 514 995 ut
557 936 831 1012 virgines
877 933 1221 993 visentibus
1266 933 1680 1013 probarentur
1724 952 1858 991 cum
1904 929 1979 990 ab
2027 932 2178 1010 ipsis
2223 939 2351 990 tum
2395 952 2432 990 a
2474 934 2691 991 matri-

443 1019 558 1079 bus
604 1019 820 1078 sedula
866 1039 1012 1078 cura
1057 1028 1243 1098 atque
1290 1019 1596 1098 exquisito
1644 1017 1808 1077 cultu
1851 1015 2363 1096 prospiciebatur.
2441 1018 2701 1096 qualem

444 1130 700 1181 matrem
745 1119 821 1180 ab
867 1119 1289 1199 Aristophane
1330 1120 1603 1180 Acharn.
1636 1126 1736 1182 247
1768 1139 1906 1198 sqq.
1954 1118 2177 1178 festive
2226 1117 2490 1178 describi
2538 1139 2696 1178 con-

445 1232 586 1283 stat.
673 1225 796 1282 iam
851 1223 1056 1282 statim
1115 1241 1403 1300 egressae
1459 1225 1691 1294 superis
1734 1223 1939 1294 quibus
1990 1224 2181 1280 insula
2239 1231 2500 1296 sacrast,
2564 1222 2689 1280 sci·

443 1325 589 1384 licet
632 1319 981 1403 Apollini¹)
1040 1325 1287 1382 Dianae
1329 1323 1614 1382 Latonae
1629 1318 1703 1398 ²),
1750 1330 1889 1381 tura
1930 1323 2268 1403 vinumque
2311 1323 2378 1382 in
2425 1324 2699 1401 singulis

448 1426 729 1485 nimirum
775 1425 1023 1503 templis
1070 1425 1410 1484 salutantes
1456 1443 1581 1482 una
1625 1424 1962 1502 pollucent.
2034 1424 2332 1502 deinceps
2380 1423 2523 1482 dum
2570 1425 2699 1483 eis-

447 1526 588 1586 dem
618 1527 894 1585 victimas
926 1527 1169 1586 votivas
1211 1534 1405 1585 mater
1450 1534 1622 1585 curat
1664 1523 2069 1585 immolandas
2106 1524 2399 1606 Cydippa
2444 1527 2694 1584 nutrice

448 1628 714 1688 ducente
746 1628 893 1686 visit
936 1631 1084 1685 alias
1128 1645 1351 1702 quoque
1396 1631 1569 1685 aedes
1614 1635 1945 1706 ceteraque
1990 1647 2147 1706 quae
2178 1627 2371 1686 Delos
2416 1625 2693 1687 habebat

440 1731 765 1808 magnifica
811 1737 873 1788 et
916 1729 1238 1788 mirabilia.
1304 1738 1492 1808 atque
1535 1728 1693 1788 haec
1738 1727 1987 1808 quidem
2019 1749 2055 1787 a
2088 1728 2465 1789 Callimacho
2500 1729 2691 1788 docta

443 1832 833 1891 enarratione
893 1841 1040 1910 puto
1099 1831 1400 1910 pleraque
1459 1849 1597 1889 esse
1653 1849 1963 1909 percursa.
2048 1831 2353 1909 porticus,
2425 1851 2692 1889 munera

439 1953 682 2011 regum,
745 1934 1059 2009 signorum
1112 1932 1596 2005 multitudinem,
1655 1930 1968 2010 Apollinis
2028 1936 2346 1991 innumeris
2400 1940 2688 1991 structam

440 2039 509 2093 de
555 2038 824 2092 cornibus
869 2054 1065 2100 aram,
1111 2035 1393 2094 Latonae
1439 2034 1676 2092 laurum
1719 2041 1907 2111 poeta
1950 2035 2153 2112 tangit
2195 2033 2475 2094 Latinus.
2494 2029 2546 2110 3)
2613 2055 2691 2093 ac

441 2136 521 2196 de
556 2136 948 2196 donariorum
965 2133 1018 2213 ⁴)
1050 2146 1509 2215 statuarumque
1540 2134 1997 2212 magnificentia
2020 2134 2237 2215 quibus
2270 2136 2507 2195 affluxit
2538 2137 2695 2195 olim

442 2239 639 2297 Delus
687 2246 836 2296 nota
881 2239 1102 2312 omnia,
1153 2237 1661 2317 amplissimorum
1706 2236 2046 2318 porticuum
2092 2245 2338 2315 praeter
2379 2237 2696 2318 Philippi·

578 2473 616 2534 ¹)
654 2471 927 2538 Apollinis
967 2471 1383 2523 celeberrimum
1421 2471 1683 2538 templum
1722 2471 2013 2522 Deliacum
2061 2487 2231 2538 prope
2271 2489 2304 2523 a
2339 2479 2499 2540 portu
2535 2477 2693 2540 posi-

435 2562 550 2607 tum
589 2562 733 2617 erat,
780 2557 840 2606 in
877 2572 1034 2622 quem
1074 2556 1325 2623 Cydippa
1372 2571 1495 2606 cum
1531 2557 1645 2606 suis
1681 2556 1906 2606 invecta
1946 2560 2083 2606 erat.
2139 2572 2190 2608 v.
2232 2564 2548 2609 accuratam
2587 2561 2693 2611 de-

435 2643 797 2693 lineationem
861 2641 1077 2692 insulae
1143 2658 1286 2708 quae
1345 2648 1430 2692 est
1482 2643 1541 2691 in
1599 2641 1807 2691 Stuarti
1862 2640 2195 2706 Revettique
2253 2644 2695 2708 antiquitatibus

434 2728 774 2778 Athenarum
811 2727 897 2777 III
934 2727 1032 2777 ch.
1071 2729 1122 2776 X
1157 2726 1240 2779 Pl.
1268 2727 1372 2788 VI,
1409 2725 1503 2776 vel
1539 2727 1614 2776 sis
1652 2724 1818 2790 Sponi
1844 2725 2203 2791 Whelerique
2242 2731 2299 2777 et
2323 2729 2691 2780 Tourneforti

434 2809 742 2876 itineraria,
779 2812 875 2861 ubi
903 2812 1068 2861 etiam
1094 2826 1233 2876 quae
1259 2810 1389 2862 Deli
1415 2811 1706 2876 supersunt
1729 2809 1818 2860 vel
1844 2811 2026 2874 potius
2053 2817 2380 2876 supererant
2404 2815 2540 2863 artis
2566 2831 2688 2866 mo-

435 2901 816 2946 numentorum
853 2896 1049 2946 rudera
1085 2880 1518 2961 pertractantur.

574 2979 617 3044 ²)
664 2982 920 3031 Latonae
970 2995 1189 3029 sacrum
1239 2977 1517 3044 (Λητῷον)
1566 2978 1887 3042 Deliacum,
1945 2995 2050 3044 quo
2106 2982 2495 3032 continebatur
2541 2983 2690 3036 deae

443 3065 686 3130 ligneum
735 3063 1088 3114 simulacrum
1137 3063 1577 3129 antiquissimum
1626 3064 1723 3126 (cf.
1770 3064 1973 3114 Athen.
2011 3065 2140 3115 XIV
2177 3082 2231 3131 p.
2268 3069 2367 3116 614
2392 3067 2477 3131 b),
2526 3068 2690 3120 iuxta

439 3150 720 3216 Apollinis
757 3148 1017 3214 templum
1055 3149 1219 3198 situm
1258 3149 1428 3200 fuisse
1464 3149 1700 3199 videtur.
1751 3149 1827 3198 cf.
1868 3147 2047 3199 Strab.
2086 3149 2136 3199 X
2172 3167 2225 3216 p.
2260 3153 2380 3204 485.
2441 3167 2548 3202 nec
2586 3153 2684 3204 du-

435 3235 588 3298 bit0,·
611 3236 742 3300 quin
779 3235 890 3284 tria
925 3232 1028 3284 illa
1064 3233 1273 3299 templa
1310 3233 1417 3284 sibi
1455 3233 1643 3284 vicina
1680 3233 1902 3283 fuerint.
1952 3232 2009 3283 id
2047 3234 2189 3299 quod
2225 3236 2472 3300 sequitur
2508 3238 2687 3289 etiam

435 3335 502 3369 ex
538 3320 811 3370 Herodoti
855 3319 1044 3369 verbis
1080 3319 1156 3369 IV
1193 3319 1282 3370 34:
1356 3311 1419 3368 τὸ
1475 3311 1541 3368 δὲ
1589 3309 1744 3384 σῆμά
1792 3309 1945 3368 ἐστιν
1994 3311 2099 3369 ἔσω
2146 3311 2203 3378 ἐς
2238 3311 2303 3370 τὸ
2336 3312 2687 3387 Ἀρτεμίσιον

434 3394 643 3454 ἐσιόντι
679 3393 981 3469 ἀριστερῆς
1018 3396 1223 3469 χειρός,
1263 3395 1583 3467 ἐπιπέφυκε
1622 3396 1688 3454 δέ
1726 3396 1778 3452 οἴ
1812 3395 1994 3468 ἐλαίη.
2056 3419 2183 3454 nam
2221 3405 2347 3455 olea
2382 3405 2483 3456 illa
2513 3409 2685 3458 simul

434 3502 558 3539 cum
603 3488 758 3538 lauro
807 3489 1060 3538 Latonae
1111 3489 1181 3539 ad
1231 3504 1381 3538 aram
1431 3489 1502 3538 ab
1550 3477 1831 3553 Apolline¹
1856 3489 2113 3540 cornibus
2150 3495 2455 3541 extructam
2491 3493 2686 3557 posita

433 3577 554 3624 erat
591 3572 686 3634 (cf.
724 3573 1138 3625 Boetticherum
1174 3572 1537 3624 Baumkultus
1572 3588 1625 3637 p.
1663 3572 1778 3635 30),
1826 3588 2057 3638 eamque
2096 3589 2249 3624 aram
2287 3575 2457 3626 fuisse
2492 3565 2683 3627 Ἀπόλ-

430 3657 608 3714 aravos
644 3649 800 3720 παρὰ
841 3655 960 3721 ναῷ
999 3661 1234 3707 testatur
1269 3656 1603 3707 Plutarchus
1641 3657 1708 3707 de
1746 3657 1867 3708 soll.
1908 3657 2133 3710 animal.
2170 3661 2255 3710 35.

561 3739 604 3806 ³)
645 3741 745 3792 Ov,
773 3747 901 3793 met.
927 3742 1062 3792 XIII
1089 3744 1188 3793 635
1225 3742 1396 3791 Anius
1433 3741 1695 3792 sacerdos
1732 3741 1861 3792 Deli
1898 3757 1994 3792 rex
2030 3742 2250 3794 Aeneas
2288 3759 2445 3809 quem
2482 3744 2680 3812 hospi-

427 3825 502 3876 tio
538 3827 753 3892 recepit

900 3909 1169 3977 urbemque
1205 3912 1428 3962 ostendit
1466 3912 1775 3977 delubraque
1811 3918 1934 3962 nota
1970 3913 2195 3978 duasque

905 3997 1116 4047 Latona
1151 3999 1402 4063 quondam
1435 3998 1630 4061 stirpes
1658 4001 1903 4061 pariente
1939 4003 2187 4048 retentas.

561 4092 604 4158 ⁴)
641 4097 902 4163 Apprime
938 4097 1046 4148 huc
1085 4088 1290 4148 cadunt
1324 4097 1668 4148 Boetticheri
1694 4096 1867 4147 verba
1904 4098 2081 4149 haece
2118 4099 2311 4166 philol.
2338 4101 2467 4150 XIX
2495 4117 2548 4166 p.
2577 4105 2681 4154 42:

427 4180 724 4230 Historiselz
768 4182 1164 4246 merkwuerdiye
1200 4183 1601 4242 Beutestuecke,
1650 4183 1777 4233 oder·
1812 4185 2057 4234 eminente
2110 4184 2399 4235 Gesekenke
2435 4184 2683 4240 koennen

424 4263 556 4314 wohl
589 4279 655 4313 an
695 4264 1068 4329 Gedenkfesten
1103 4267 1209 4316 und
1241 4267 1559 4333 Paneyyreis
1591 4268 1789 4330 yezeiyt
1823 4270 1931 4318 und
1960 4269 2290 4334 voryefuekrt
2322 4272 2531 4321 werden
2559 4297 2652 4323 -—.
