2917 4992
65 2289 78 3062 ἰ

1049 336 1473 400 ...49-

183 533 330 592 quam
370 532 550 591 porro
595 512 718 569 ima
763 512 1008 570 summis
1063 511 1255 569 mixta
1311 518 1453 569 sunt
1507 511 1573 568 in
1619 508 1855 569 urbium
1914 512 2378 571 enumeratione

183 635 308 695 quae
363 623 456 673 est
512 613 602 674 VI
654 620 758 674 412
817 631 954 692 sqq.
1015 621 1078 672 et
1135 610 1493 671 inordinata
1556 612 1741 670 etiam
1801 610 2110 671 fluminum
2186 613 2379 672 series

178 717 325 778 15⁷9
365 735 489 794 sq.,
539 722 724 794 atque
769 713 1106 772 insularum
1148 713 1278 774 VII
1322 721 1414 776 461
1470 733 1609 793 sqq.
1687 732 2053 794 quamquam
2100 714 2377 773 fortassis

178 825 356 896 poeta,
407 815 573 896 quod
633 813 713 874 ad
758 834 1003 874 versum
1057 815 1232 873 illum
1290 815 1595 894 pertinet,
1643 815 1926 875 immunis
1971 814 2295 875 habendus
2343 835 2380 873 a

179 919 580 995 neglegentiae
611 917 898 990 crimine,
947 918 999 976 si
1033 916 1282 998 quidem
1315 917 1481 994 exigi
1510 916 1627 1006 ille·
1662 925 1870 995 potest
1914 915 1996 975 ad
2043 918 2379 977 consimilis

167 1007 396 1078 ‘rationis
444 1019 825 1098 exemplum,
875 1018 1041 1098 quod
1089 1027 1182 1078 est
1225 1026 1368 1078 met.
1415 1018 1581 1078 VIII
1624 1025 1729 1080 220
1772 1038 1865 1098 sq.

1485 1180 1541 1229 et
1581 1175 1696 1229 iam
1741 1172 1991 1230 Iunonia
2035 1174 2198 1231 laeva

306 1283 478 1348 parte
523 1275 770 1332 Samos
808 1274 1041 1347 fuerat,
1088 1275 1455 1348 Delosque
1500 1275 1880 1347 Parosque
1924 1278 2177 1334 relictae.

181 1445 309 1505 quae
347 1427 588 1487 insulae
633 1433 802 1486 recto
845 1426 1070 1485 itinere
1113 1425 1480 1505 procedenti
1524 1427 1613 1486 sic
1658 1434 1835 1485 erant
1877 1426 2379 1505 percensendae=

177 1529 357 1597 Par-03,
401 1531 603 1596 DeloS,
653 1529 876 1586 Samo&
940 1547 1307 1607 quamquam
1335 1527 1452 1586 hoc
1496 1547 1649 1587 sane
1695 1527 1828 1586 loco
1874 1527 2083 1607 paullo
2130 1528 2379 1607 planior

181 1649 234 1686 eo
271 1649 360 1690 res
393 1638 530 1711 est,
581 1629 747 1709 qnod
776 1629 972 1688 Delos
1001 1631 1320 1710 Parosque
1367 1629 1653 1688 dicuntur
1694 1630 1949 1688 relictae
1968 1625 2038 1705 ¹).
2101 1627 2377 1709 denique

177 1739 227 1788 ut
263 1733 453 1792 omnia
484 1730 1030 1811 comprehendam,
1079 1729 1406 1806 difficultas
1437 1732 1752 1790 nominum
1781 1732 1846 1789 in
1877 1750 2121 1790 versum
2151 1750 2377 1808 cogen-

181 1831 356 1891 dorum
400 1841 652 1913 poetam
694 1833 1078 1912 permovisse
1109 1833 1392 1905 videtur,
1439 1841 1507 1892 ut
1549 1833 1652 1891 vel
1699 1840 1915 1910 ageret
1956 1834 2155 1892 minus
2202 1851 2376 1892 accu-

177 1942 280 1992 rate
318 1935 447 2007 vel,
518 1932 685 2014 quod
740 1936 873 1992 veri
917 1933 1164 1992 videtur
1207 1935 1491 2007 similius,
1549 1935 2021 1994 insolentiorem
2066 1955 2184 1994 nec
2226 1954 2376 1994 vero

180 2035 273 2112 ipsi
315 2034 542 2096 ovidio
588 2038 1014 2095 inconsuetam
1059 2035 1432 2096 adscisceret
1476 2035 1777 2115 loquendi
1820 2037 2143 2096 rationem.

317 2139 446 2196 Iam
477 2139 531 2196 si
562 2139 871 2217 anquires,
899 2136 1049 2216 quid
1082 2137 1335 2196 tandem
1366 2137 1569 2210 fuerit,
1620 2136 1785 2215 quod
1809 2135 2137 2195 Acontium
2162 2136 2373 2210 Ceum,

182 2235 498 2318 Cydippam
529 2239 978 2298 Atheniensem
1025 2237 1158 2298 cum
1203 2240 1326 2298 suis
1357 2239 1585 2299 Delum
1628 2239 1805 2297 simul
1852 2238 2211 2312 adduxerit,
2257 2239 2373 2299 ho(-

179 2339 389 2416 quidem
463 2359 543 2398 ex
599 2338 924 2399 Ovidianis
991 2361 1118 2399 non
1176 2341 1469 2399 continuo
1532 2341 1747 2420 liquet.
1836 2348 1900 2399 at
1958 2339 2114 2400 duae
2170 2341 2376 2400 statim

177 2459 251 2498 res
289 2440 549 2500 subeunt
595 2441 812 2500 eodem
845 2442 1204 2520 suspitionis
1251 2441 1548 2502 ferenteS.
1639 2443 1843 2501 solent
1890 2444 2051 2501 enim
2096 2444 2377 2502 amatorii

177 2542 468 2621 scriptores
514 2552 751 2602 tantum
798 2564 925 2603 non
973 2563 1184 2603 omnes
1219 2563 1292 2602 eo
1338 2545 1428 2602 uti
1459 2545 1713 2604 artificio
1762 2563 1840 2602 ex
1884 2545 2050 2604 vitae
2096 2554 2374 2604 veterum

175 2645 417 2719 privatae
475 2644 845 2705 condicione
904 2645 1132 2720 duct0,.
1161 2652 1227 2704 ut
1271 2654 1549 2706 amantes
1594 2647 1660 2702 in
1705 2664 2011 2704 sacrorum
2068 2647 2374 2723 religione

176 2744 382 2820 publice
442 2745 732 2806 obeunda
787 2766 860 2805 ac
915 2768 1028 2827 per
1097 2747 1423 2806 sollemnia
1482 2745 1855 2806 celebranda
1922 2747 2179 2825 primum
2232 2767 2372 2808 sese

178 2849 540 2927 conspexisse
599 2856 853 2907 narrent
870 2843 945 2926 ²).
1038 2869 1158 2928 qua
1214 2847 1293 2907 de
1357 2867 1422 2908 re
1472 2847 1863 2927 disputarunt
1905 2848 2245 2909 Dorvillius
2292 2849 2373 2908 ad

178 3119 381 3182 zaeklunq
413 3121 509 3169 der
541 3119 876 3168 arcadisclzen
902 3117 1116 3168 Staedte
1141 3117 1477 3169 Orchomenos
1499 3121 1606 3169 und
1626 3120 1861 3183 Psophis,
1906 3121 2011 3169 und
2044 3121 2141 3168 der·
2170 3121 2371 3169 arcadi-

177 3201 296 3251 seben
317 3204 528 3269 Gebirye
551 3203 768 3267 Cyllene,
798 3203 1094 3261 Maenalon,
1123 3203 1465 3268 Erymanthos
1487 3204 1760 3252 kuemmert
1780 3205 1889 3252 sich
1910 3202 2036 3252 Ovicl
2052 3203 2176 3252 eben
2195 3219 2253 3252 so
2270 3220 2373 3252 we-

179 3285 240 3347 ⁷259
257 3303 326 3334 um
342 3287 486 3352 La9e
508 3289 616 3336 und
632 3287 966 3350 Entfernuny,
993 3289 1072 3335 als
1093 3303 1238 3336 wenn
1263 3303 1322 3336 er
1346 3288 1444 3336 den
1458 3287 1704 3351 Alpheios
1730 3288 1780 3335 in
1806 3289 1888 3336 die
1908 3287 2085 3336 Naelze
2110 3289 2201 3336 des
2223 3296 2373 3352 stym-

177 3368 428 3428 phalisehen
463 3371 709 3421 Wassers
732 3371 915 3435 bm'nyt.

282 3453 318 3520 ¹)
355 3455 604 3506 Indidem
655 3471 721 3504 ex
764 3460 922 3521 parte
973 3455 1351 3521 expediendae
1400 3456 1638 3506 fortasse
1676 3455 2039 3507 difficultates
2075 3462 2205 3509 met.
2242 3459 2374 3510 XIV

181 3535 434 3602 101—105,
472 3539 570 3589 ubi
607 3555 746 3604 quae
784 3543 974 3591 extare
1009 3541 1231 3591 videtur
1275 3540 1521 3590 locorum
1557 3541 1902 3607 perturbatio
1939 3543 2051 3591 iam
2092 3542 2371 3594 Glareano

181 3619 425 3674 molestias
463 3625 694 3679 creavit.

279 3704 319 3771 ²)
357 3708 440 3758 Cf.
470 3708 536 3761 Il.
563 3709 620 3760 Π
647 3711 742 3760 181
769 3725 886 3774 sqq.
913 3709 980 3760 de
1005 3710 1282 3761 Mercurio
1312 3715 1368 3760 et
1391 3710 1699 3777 Polymela,
1726 3711 1898 3763 schol.
1918 3713 2079 3764 Hom.
2108 3713 2137 3760 1
2174 3713 2273 3762 557
2300 3712 2367 3761 de

180 3787 252 3838 Ida
283 3797 332 3842 et
363 3795 672 3860 Marpessa,
713 3795 883 3846 schol.
921 3812 952 3859 γ
979 3797 1042 3846 91
1081 3795 1148 3844 de
1172 3795 1429 3860 Neptuno
1468 3801 1523 3846 et
1548 3795 1897 3861 Amphitrita,
1937 3796 2081 3848 Plut.
2111 3796 2275 3848 Thes,
2303 3797 2366 3846 31

180 3871 229 3920 de
257 3876 348 3927 Ida
391 3893 512 3929 cum
551 3880 775 3942 Lynceo
825 3885 880 3928 et
915 3880 1158 3938 Helena,
1206 3881 1396 3945 Eurip.
1433 3882 1603 3945 Hipp.
1639 3881 1707 3928 44
1743 3894 1860 3944 sqq.
1910 3888 1966 3929 et
2002 3879 2103 3932 Ov.
2140 3881 2254 3928 her.
2294 3881 2369 3929 IV

181 3957 226 4006 67
255 3976 357 4028 sqq.
395 3965 462 4014 de
501 3963 807 4029 Hippolyto
847 3968 903 4013 et
937 3965 1208 4026 Phaedra,
1252 3964 1408 4014 eund.
1448 3972 1578 4018 met.
1615 3965 1671 4014 11
1709 3966 1807 4014 708
1834 3980 1947 4030 sqq.
1986 3965 2053 4014 de
2089 3966 2367 4016 Mercurio

181 4047 220 4090 et
245 4045 438 4110 Hersa‚
486 4049 775 4098 Musaeum
817 4048 884 4097 42
920 4064 1036 4114 sqq.
1085 4049 1152 4098 de
1188 4049 1412 4098 Herone
1460 4055 1517 4099 et
1554 4049 1835 4113 LeandrO,
1872 4051 2132 4100 Antonin.
2172 4051 2298 4102 Lib.
2338 4053 2365 4100 1

183 4129 482 4203 eNicandro
532 4134 600 4183 de
649 4133 1021 4183 Hermochare
1073 4138 1127 4183 et
1177 4133 1452 4198 Ctesylla,
1500 4134 1761 4184 Parthen.
1800 4137 1831 4182 9
1879 4135 1945 4183 de
1994 4135 2274 4201 Diogneto
2315 4141 2371 4186 et

180 4212 418 4278 Polycrita
457 4217 557 4283 (ef.
583 4218 730 4267 Plut.
766 4218 834 4268 de
870 4218 1082 4270 mulier.
1115 4219 1362 4269 virtutib.
1395 4219 1495 4283 17),
1538 4235 1604 4269 ac
1641 4217 1847 4269 similia
1883 4220 2000 4269 fere
2037 4221 2314 4275 Aristaen.
2342 4221 2368 4270 I

181 4297 240 4348 15.
261 4300 374 4353 dein
399 4303 472 4354 cf.
497 4303 718 4355 Heliod.
745 4303 829 4352 III
855 4305 903 4356 5.
937 4303 1040 4353 VII
1064 4306 1114 4357 2.
1163 4303 1375 4356 Charit.
1403 4306 1426 4352 I
1457 4307 1504 4370 1,
1542 4307 1575 4354 4
1600 4321 1715 4370 sqq.
1751 4306 1807 4355 II
1833 4307 1881 4369 5,
1912 4308 1937 4355 1
1965 4321 2083 4372 sqq.
2117 4306 2367 4370 Xenoph.

255 4403 506 4452 mna-mer,
548 4405 774 4439 cALmM.
1921 4390 1965 4451 4
