2917 4992
1401 337 1823 402 -26-

497 514 686 596 idque
745 513 1122 594 gravissimis
1179 511 1485 572 erroribus
1529 511 1883 571 Heckerum
1926 512 1967 571 l.
2014 529 2067 572 c.
2112 530 2176 592 p.
2222 519 2291 578 49
2334 535 2473 594 sqq.
2528 513 2739 596 impli-

497 618 649 691 cuit,
697 637 813 675 nec
858 615 1002 675 dum
1043 615 1334 674 inventus
1383 622 1503 686 est,
1554 615 1658 693 qui
1702 615 1857 674 haec
1888 615 2262 674 conciliaret.
2322 624 2384 674 at
2412 617 2478 674 in
2512 627 2738 696 aperto

493 739 592 778 res
649 726 761 778 est.
854 718 1082 777 etenim
1137 693 1296 776 cum.
1329 715 1738 776 Callimachus
1762 765 1775 780 .
1798 715 1877 775 de
1932 736 1999 776 se
2065 716 2220 777 illud
2276 717 2507 776 dixisse
2562 719 2739 778 haud

498 839 804 901 quaquam
833 820 1056 898 possit,
1102 839 1214 898 pro
1260 817 1563 897 particula
1605 816 1671 876 id
1714 816 2067 880 habendum
2113 827 2206 878 est
2250 820 2736 898 epigrammatis,

497 921 663 1024 quod
706 921 868 981 tituli
907 922 1106 979 instar
1148 921 1214 978 in
1259 919 1531 1000 aliquem
1577 921 1817 998 epicum
1858 928 2133 999 poetam,
2182 917 2248 978 ni
2280 920 2439 980 fallit
2470 923 2735 996 animus,

494 1026 572 1082 in
617 1025 858 1102 ipsum
885 1023 1293 1081 Homerum
1339 1029 1471 1081 erat
1514 1023 1933 1101 compositum.
1994 1021 2074 1080 ad
2105 1022 2270 1080 hunc
2300 1023 2463 1081 enim
2498 1023 2741 1083 ducunt

493 1125 751 1185 Pindari
807 1123 1262 1202 scholiographi
1319 1121 1542 1198 verba,
1618 1122 1837 1203 quibus
1894 1125 2012 1202 frg.
2071 1123 2325 1183 adhibet
2383 1123 2490 1202 (ad
2546 1127 2735 1185 Nem.

493 1229 560 1287 II
609 1224 700 1304 1),
761 1235 824 1286 et
879 1224 1100 1284 eodem
1154 1245 1252 1284 me
1309 1225 1582 1285 reddunt
1630 1244 2015 1338 propensum
2070 1224 2331 1286 Pindari
2388 1227 2452 1285 hi
2510 1247 2739 1288 versus

496 1329 707 1388 Isthm.
753 1329 848 1388 IV
894 1323 1048 1406 (III)
1100 1334 1162 1390 61
1210 1345 1349 1406 sqq.

743 1467 874 1537 ἀλλ’
903 1469 1182 1555 ’Ὅμηρός
1213 1496 1304 1536 τοι
1346 1476 1653 1555 τετίμακεν
1699 1469 1779 1536 δι’
1828 1467 2202 1554 ἀνθρώπων,
2248 1471 2314 1550 ὃς
2358 1471 2546 1539 αὐτοῦ

743 1580 940 1638 πᾶσαν
985 1569 1287 1656 ὀρθώσαις
1329 1565 1549 1655 ἆρετᾶν
1593 1571 1777 1638 κατὰ
1820 1571 2099 1659 ῥάβδον
2146 1577 2473 1660 ἔφρασεν

742 1679 1072 1741 θεσπεσίων
1115 1675 1304 1740 ἐπέων
1347 1684 1575 1754 λοιποῖς
1618 1673 1874 1760 ἀθύρειν
1896 1679 1972 1760 ¹).

657 1869 716 1928 A
749 1869 1146 1930 Callimachei
1195 1868 1650 1947 epigrammatis
1680 1869 1973 1930 XXVIII
2016 1871 2309 1929 unive'rsa
2337 1871 2401 1928 vi
2442 1871 2741 1949 profecta

489 1972 576 2030 ita
620 1970 800 2030 nobis
846 1989 1174 2050 progressa
1217 1971 1372 2029 ratio
1421 1979 1543 2043 est,
1598 1978 1665 2028 ut
1710 1990 1870 2050 quae
1920 1970 1999 2030 de
2048 1969 2425 2031 Callimacho
2470 1972 2741 2032 Homeri

490 2073 836 2132 auctoritati
876 2091 1015 2130 sese
1047 2079 1406 2150 opponente
1453 2072 1999 2150 disputaverimuS‚
2050 2093 2125 2132 ea
2155 2093 2288 2132 cum
2320 2081 2489 2132 certa
2518 2075 2742 2154 aliqua

489 2175 789 2254 poematis
859 2174 1076 2252 cyclici
1145 2173 1661 2252 interpretatione
1717 2192 1835 2232 nec
1891 2180 2057 2233 stent
2112 2194 2228 2234 nec
2295 2184 2504 2249 ruant,
2576 2197 2741 2256 quo-

488 2277 653 2334 niam
697 2275 819 2334 suis
864 2275 1142 2332 nituntur
1185 2283 1280 2336 sat
1323 2276 1509 2334 firmis
1554 2274 1991 2335 fundamentis.
2053 2285 2117 2334 at
2158 2296 2307 2336 vero
2356 2297 2515 2356 quae
2561 2298 2743 2338 nune

487 2375 881 2455 probavimus
927 2377 1330 2452 argumentiS,
1381 2395 1456 2434 ea
1502 2375 1684 2435 facile
1728 2385 2052 2436 retrorsum
2094 2378 2305 2436 valere
2350 2378 2742 2440 videbuntur

484 2478 551 2535 in
597 2474 1060 2556 expediendum
1103 2497 1324 2555 poema
1355 2477 1669 2555 cyclicum.
1729 2477 1895 2538 haud
1931 2479 2095 2537 enim
2124 2479 2542 2558 spernendam
2576 2481 2739 2542 inde

485 2578 933 2657 probabilitatis
979 2578 1251 2656 speciem
1297 2579 1385 2637 eis
1431 2579 1762 2653 accedere,
1814 2599 1973 2659 quae
2004 2599 2137 2639 cum
2168 2581 2274 2639 alii
2302 2589 2429 2640 tum
2459 2584 2741 2643 maxime

487 2681 819 2740 Salmasius
867 2679 1205 2740 exercitatt.
1251 2679 1416 2739 Plin.
1463 2701 1525 2758 p.
1572 2689 1670 2742 601
1698 2680 1737 2738 b
1786 2689 1847 2740 et
1888 2681 1963 2740 F.
2009 2681 2088 2740 A.
2134 2681 2394 2742 Wolfius
2439 2685 2733 2746 VorleSS.

483 2782 636 2841 iiber
695 2780 754 2839 d.
803 2780 1028 2840 Cresch.
1076 2779 1136 2840 d.
1195 2781 1423 2858 griech.
1469 2783 1616 2841 Litt.
1674 2789 1889 2860 p.·178
1944 2783 2183 2862 cyclum
2241 2785 2482 2862 epicum
2539 2788 2737 2846 attin—

485 2891 702 2960 gentes
752 2880 829 2940 de
874 2883 1192 2959 praesenti
1236 2883 1369 2941 loco
1415 2902 1542 2941 una
1587 2904 1721 2941 cum
1779 2885 2081 2944 erroribus
2142 2887 2515 2964 gravissimis
2561 2888 2737 2948 iece—

483 2991 624 3041 runt
668 2983 868 3060 potius
916 3001 1096 3062 quam
1141 2985 1549 3060 argumentati
1592 2993 1763 3058 sunt,
1824 2986 2025 3064 quivis
2083 2988 2373 3047 continuo
2431 2989 2737 3067 pervide-

479 3239 587 3288 huc
620 3241 880 3302 ,spectare
917 3238 1066 3300 pute,
1103 3249 1214 3284 non
1251 3235 1323 3284 ad
1346 3236 1470 3287 Nic.
1502 3236 1645 3288 alex.
1672 3238 1789 3300 517,
1828 3237 2166 3302 Hesychium
2202 3228 2429 3304 ἦνεκές·
2464 3234 2737 3305 μακρόν·

485 3313 577 3374 δι’
611 3313 775 3372 ὅλου
793 3360 806 3384 ,
835 3320 976 3386 quod
1002 3324 1244 3370 nostrum
1273 3325 1356 3369 est
1380 3323 1434 3370 in
1453 3321 1649 3371 Einem.
1690 3326 1748 3372 at
1771 3326 1992 3387 poterat
2011 3323 2323 3374 Meinekius
2351 3324 2535 3390 aliquo
2561 3329 2741 3378 modo

482 3420 783 3470 provocare
813 3403 883 3452 ad
908 3405 1150 3468 Hesych.
1179 3397 1503 3468 αἰζηνεκές·
1542 3399 1822 3469 διηνεκές,
1852 3398 2107 3472 αἰώνιον,
2133 3408 2229 3458 ubi
2256 3424 2307 3459 v.
2335 3408 2740 3464 Schmidtium.

484 3488 555 3539 ad
603 3482 966 3552 δειδεγμένος
1013 3488 1230 3553 supplet
1275 3490 1569 3540 Heckerus
1616 3481 1787 3540 ἐννέα
1830 3483 2095 3549 Μούσας.
2165 3493 2263 3543 sed
2308 3494 2491 3558 potius
2540 3497 2739 3546 credi—

482 3575 655 3625 derim
695 3568 916 3648 aliquod
953 3571 1128 3622 fuisse
1166 3573 1573 3625 substantivum
1612 3579 1737 3639 post
1773 3569 2142 3641 δειδεγμένος
2169 3593 2202 3626 a
2228 3593 2332 3643 quo
2357 3578 2634 3643 penderet
2676 3582 2739 3632 in

481 3657 836 3723 sequentibus
872 3654 1126 3706 Μουσῶν
1169 3658 1262 3709 vel
1309 3651 1469 3722 παρὰ
1502 3657 1773 3710 Μουσῶν.
1846 3659 2223 3713 Callimachus
2272 3662 2379 3727 frg.
2418 3665 2481 3714 32
2530 3660 2739 3716 δειδέ-

484 3758 672 3808 χαται.
733 3738 1048 3804 Hesychius
1087 3736 1471 3807 δειδεγμένοι·
1512 3739 1890 3807 δεξιούμενοι.

615 3859 658 3923 ¹)
695 3859 842 3908 Hinc
889 3857 1085 3910 Suidas
1128 3859 1294 3924 petiit
1339 3860 1511 3910 verba
1555 3854 1703 3912 κατὰ
1753 3855 1974 3928 ῥάβδον
2021 3858 2262 3929 ἔφρασε,
2320 3877 2461 3930 quae
2496 3865 2740 3919 Hecke-

479 3961 570 3995 rus
611 3944 648 3994 l.
690 3959 736 3994 c.
783 3959 834 4008 p.
873 3943 968 3991 111
1017 3942 1418 3994 Callimachum
1466 3959 1665 4012 sapere
1711 3952 1885 4013 putat.
1923 3976 1992 3984 -—
2026 3954 2270 3999 ceterum
2316 3950 2449 4000 talis
2494 3951 2739 4004 videtur

477 4028 628 4078 tituli
674 4027 952 4094 particula
1000 4041 1122 4078 esse
1173 4029 1340 4078 etiam
1377 4031 1484 4096 frg.
1521 4033 1623 4082 460
1678 4026 1961 4083 Μουσέων
2008 4025 2143 4084 δὀὐ
2188 4027 2343 4100 palo}
2380 4027 2554 4099 φιδός
2595 4029 2736 4102 ἐγώ,

480 4128 622 4176 quae
659 4116 909 4177 apertam
945 4112 1080 4161 mihi
1117 4113 1527 4165 cavillationem
1564 4116 1775 4166 referre
1810 4118 2085 4182 videntur,
2121 4123 2182 4168 ut
2206 4117 2617 4170 Callimachum
2658 4124 2737 4174 de

479 4210 543 4246 se
587 4194 688 4242 illa
730 4197 1126 4258 pronunciasse
1172 4200 1266 4248 vix
1313 4200 1535 4250 credam
1571 4201 1833 4253 Heckero
1869 4202 1994 4274 l.·c.
2032 4219 2085 4268 p.
2124 4205 2190 4254 56
2216 4219 2296 4268 sq.
2336 4205 2393 4254 et
2424 4205 2735 4258 Meinekio

478 4279 518 4330 l.
559 4293 606 4328 c.
641 4295 694 4343 p.
732 4280 830 4327 272
866 4293 920 4328 n.
