2917 4992
1131 335 1597 400 -141—

396 512 602 571 omnia
645 510 992 590 perpetiar:
1037 517 1274 568 tantum
1319 508 1583 567 fortasse
1625 506 1881 579 timeb0,

479 631 738 692 corpore
781 599 1190 670 laedatur'ne
1230 628 1448 668 manus
1492 610 1612 669 ista
1654 628 1812 668 meo.
1857 635 1861 640 ’

279 725 350 778 85
395 714 508 773 sed
552 732 759 792 neque
806 710 1190 792 conpedibus
1235 729 1354 770 nec
1398 729 1496 768 me
1540 728 1847 788 conpesce
1894 709 2161 766 catenis:

479 813 772 874 servabor
813 814 982 872 firmo
1026 814 1268 871 vinetus
1315 829 1521 870 amore
1565 812 1673 870 tui.

395 936 529 975 cum
572 914 736 974 bene
779 934 848 974 se
895 923 1313 994 quantumque
1355 914 1527 971 volet
1569 912 1887 971 satiaverit
1930 913 2049 984 ira,

477 1018 618 1095 ipsa
660 1015 773 1076 tibi
819 1015 1025 1074 dices:
1075 1017 1292 1094 ‘quam
1335 1014 1648 1092 patienter
1692 1015 1917 1074 amatl'

394 1119 532 1198 ipsa
574 1116 686 1176 tibi
731 1116 930 1190 dices,
975 1115 1081 1176 ubi
1122 1115 1354 1174 videris
1399 1115 1605 1174 omnia
1648 1115 1825 1174 ferri:

225 1263 242 1277 .
279 1229 354 1282 90
483 1223 637 1278 ‘tam
679 1217 844 1277 bene
890 1218 994 1297 qni
1036 1217 1256 1290 servit,
1303 1218 1536 1276 serviat
1578 1217 1696 1276 iste
1741 1215 1951 1273 mihil’

397 1340 562 1379 nunc
606 1339 745 1379 reus
790 1319 1014 1378 infelix
1057 1316 1281 1378 absens
1327 1337 1506 1395 agor,
1556 1326 1619 1377 et
1662 1337 1799 1376 mea
1844 1337 1978 1376 cum
2019 1317 2100 1376 sit

483 1421 710 1500 optima
754 1440 882 1480 non
925 1419 1052 1478 ullo
1099 1438 1283 1479 causa
1324 1426 1540 1478 tuente
1584 1419 1764 1497 perit.
1802 1477 1809 1480 .

397 1522 514 1582 hoc
559 1541 804 1602 quoque
851 1519 1018 1601 quod
1064 1520 1339 1600 quereris
1382 1521 1465 1579 sit
1505 1521 1798 1599 scriptum
1840 1520 2067 1578 iniuria
2111 1528 2416 1588 nostrum:

483 1622 648 1702 quod
697 1623 776 1682 de
820 1641 918 1682 me
960 1622 1095 1681 solo
1141 1640 1367 1700 nempe
1413 1622 1687 1700 queraris
1729 1620 1944 1681 habes.

280 1734 352 1788 95
397 1745 524 1784 non
567 1724 790 1782 meruit
832 1723 967 1782 falli
1007 1740 1244 1782 mecum
1289 1741 1537 1802 quoque
1580 1723 1785 1782 Delia.
1846 1723 1899 1780 si
1942 1742 2070 1780 non

481 1827 578 1884 vis
622 1825 772 1883 mihi
814 1824 1178 1904 promissum
1218 1823 1517 1897 reddere,
1564 1822 1760 1882 redde
1805 1820 2002 1904 deaes:

389 1923 612 2006 [adfuit
658 1935 720 1986 et
764 1925 950 2000 vidit,
998 1945 1134 1986 cum
1176 1934 1246 1985 tu
1289 1924 1553 2005 decepta
1596 1923 1880 1998 rubebas,

484 2037 546 2086 et
589 2046 805 2087 vocem
847 2027 1100 2086 memori
1145 2024 1428 2086 condidit
1471 2046 1619 2085 aure
1662 2023 1870 2105 tuam.]

400 2130 605 2189 omina
646 2148 715 2187 re
760 2139 1031 2195 careant.
1091 2129 1248 2188 nihil
1293 2136 1388 2186 est
1427 2128 1760 2187 violentius
1802 2127 1940 2201 illa,

254 2241 362 2292 100
489 2250 623 2289 cum
665 2249 807 2303 sua,
857 2225 1026 2309 qnod
1070 2231 1290 2303 nolim,
1336 2230 1591 2288 numina
1632 2230 1807 2288 laesa
1849 2227 2041 2288 videt.

402 2329 599 2412 [testis
647 2332 762 2391 erit
806 2330 1152 2410 Calydonis
1198 2350 1368 2410 aper.
1426 2351 1568 2390 nam
1613 2331 1861 2404 scimus,
1906 2338 1975 2389 ut
2016 2331 2122 2391 illo

393 2566 444 2600 v.
481 2521 562 2601 83⁶
593 2557 783 2600 tantum
816 2550 912 2600 hoo
946 2550 1010 2602 L.
1048 2573 1112 2584 —
1158 2565 1210 2600 v.
1248 2552 1314 2602 85
1351 2550 1673 2614 compedibus
1708 2549 1857 2599 libri.
1927 2565 2175 2613 conpesce
2210 2551 2324 2612 Pl,
2362 2567 2491 2601 com-

248 2651 413 2700 pesce
462 2635 654 2687 ceteri.
710 2661 774 2669 —
841 2649 893 2684 v.
941 2635 1006 2685 87
1063 2643 1298 2700 quantum
1341 2637 1477 2685 volet
1521 2633 1584 2693 S,
1641 2640 1973 2699 quantumque
2017 2637 2153 2684 voles
2208 2634 2493 2685 Heinsius.

253 2720 530 2770 satiaverit
563 2717 655 2776 Na'
686 2720 789 2769 Pl.
829 2745 893 2753 -—
937 2734 990 2770 v.
1027 2718 1094 2768 89
1135 2719 1283 2782 ferre
1314 2718 1472 2781 libri,
1522 2718 1721 2783 scripsi
1750 2718 1905 2781 ferri.
1946 2744 2002 2752 —
2049 2736 2102 2768 v.
2139 2720 2202 2769 91
2240 2735 2369 2784 aqor
2402 2720 2495 2770 ab·

253 2821 380 2855 sens
414 2805 480 2853 L.
553 2819 664 2853 mea
711 2819 818 2855 cum
857 2805 927 2853 sit
972 2819 1006 2852 a
1050 2818 1164 2856 sec.
1200 2819 1272 2854 m.
1308 2804 1367 2852 in
1402 2817 1597 2853 rasura
1630 2802 1744 2864 Pl,
1792 2818 1884 2852 eur
1917 2805 1987 2852 sit
2020 2803 2075 2856 S.
2110 2829 2178 2839 -—
2216 2819 2267 2854 v.
2304 2806 2369 2854 92
2406 2805 2494 2855 ob-

255 2890 380 2938 tima
418 2887 484 2940 G.
557 2885 964 2938 tunente'eraso
1009 2886 1191 2952 priore
1237 2906 1269 2938 n
1317 2893 1374 2937 et
1419 2889 1477 2937 in
1522 2887 1769 2952 margine
1814 2888 2019 2952 scripto
2065 2891 2106 2936 ι’
2152 2891 2353 2939 timente
2388 2890 2493 2942 Pl.

252 2975 418 3038 periit
455 2972 509 3022 S.
547 2997 617 3008 —
652 2988 705 3023 v.
733 2974 799 3022 93
835 2973 930 3023 hoc
965 2988 1160 3038 quoque
1197 2973 1334 3039 quod
1372 3009 1417 3024 ..
1441 3010 1454 3023 .
1502 2986 1599 3024 ιιιε
1632 2975 1702 3022 sit
1734 2971 1911 3022 tribus
1945 2972 2147 3022 litteris
2183 2974 2329 3023 inter
2362 2977 2500 3040 quod

263 3105 325 3148 et
358 3114 454 3149 ms
494 3099 670 3148 erasis
716 3099 823 3148 Pl.
901 3099 997 3148 hoc
1039 3114 1236 3164 quoque
1263 3102 1422 3166 ,quod
1459 3107 1513 3149 tu
1552 3059 1911 3163 vigum-imum
1952 3101 2143 3149 inim-ia
2182 3108 2383 3158 nostra,
2438 3101 2497 3150 in

260 3183 461 3247 quibus
483 3186 569 3253 ‘sit
603 3187 677 3244 et,
718 3179 845 3232 aliis
883 3181 1102 3246 deletis,
1139 3190 1192 3232 tu
1225 3186 1302 3234 vis
1337 3200 1372 3233 a
1395 3198 1508 3234 sec.
1534 3199 1605 3233 m.
1644 3187 1929 3232 exaratum
1966 3186 2065 3244 est,
2107 3183 2173 3234 G.
2244 3185 2339 3234 hoc
2362 3187 2500 3249 quod

257 3282 404 3318 amor
439 3268 588 3318 iussit
621 3268 866 3330 scriptum
900 3275 980 3316 est
1012 3269 1204 3317 iniuria
1236 3275 1415 3319 nostra
1449 3268 1497 3317 L
1536 3272 1615 3329 et,
1664 3267 1771 3318 nisi
1810 3267 1951 3332 quod
1986 3269 2153 3317 nostri
2193 3267 2391 3332 habet,
2439 3267 2493 3318 S.

257 3352 358 3401 hoc
393 3367 591 3416 quoque
627 3354 766 3416 quod
794 3353 942 3402 iussit
975 3353 1218 3417 scriptum
1254 3360 1332 3402 est
1363 3353 1554 3403 inim-ia
1587 3353 1752 3402 nostri
1783 3352 1889 3401 P2.
1938 3351 2138 3416 scripsi
2171 3353 2267 3403 hoc
2302 3368 2497 3419 quoque

260 3437 402 3500 quod
420 3437 681 3500 ,quer-eris.
720 3461 784 3472 ·-·
819 3449 870 3485 v.
898 3436 966 3486 94
1000 3437 1124 3500 quid
1155 3437 1262 3486 ΡΞ.
1308 3439 1417 3486 solo
1453 3438 1519 3486 de
1553 3453 1629 3486 me
1666 3435 1729 3488 G.
1764 3462 1828 3473 ·-·
1864 3451 1918 3489 v·
1942 3437 2009 3486 95
2044 3452 2146 3487 non
2178 3453 2363 3488 mecum
2382 3438 2501 3500 falli

259 3521 444 3568 meruit
471 3519 536 3582 G,
573 3534 673 3569 non
699 3520 818 3583 falli
847 3521 1028 3570 meruit
1058 3524 1243 3570 meeum
1273 3521 1379 3571 1³2.
1405 3547 1472 3555 -
1507 3536 1559 3571 v.
1584 3523 1651 3572 96
1684 3523 1908 3572 reddere
1934 3522 2190 3572 omissum
2215 3522 2415 3572 deinde
2439 3524 2497 3572 in

262 3603 515 3666 margine
543 3603 880 3668 adscriptum
905 3604 1009 3657 Ρ1.
1035 3631 1103 3641 —
1137 3620 1191 3657 ν.
1217 3607 1281 3655 97
1304 3619 1386 3669 sq.
1413 3607 1841 3672 circumscripsi.
1882 3607 1954 3658 cf.
1978 3624 2030 3656 v.
2059 3608 2141 3656 19.
2196 3607 2366 3669 adfuit
2387 3607 2493 3669 Pl,

259 3689 416 3752 affuit
451 3689 644 3737 ceteri.
683 3714 747 3724 —-
782 3705 834 3739 v.
871 3690 938 3740 98
980 3692 1186 3740 memori
1218 3693 1385 3741 vocem
1419 3691 1507 3740 P2
1544 3689 1598 3743 S.
1666 3707 1758 3742 ore
1791 3707 1883 3742 suo
1929 3691 1994 3742 G.
2030 3717 2100 3727 —
2132 3707 2184 3741 v.
2222 3693 2288 3742 99
2334 3693 2497 3742 omnia

265 3774 577 3822 correctum
612 3773 671 3820 in
707 3774 872 3822 omina
905 3773 1020 3836 Pl,
1061 3777 1225 3825 omnia
1259 3775 1364 3825 1³2.
1425 3777 1498 3825 nil
1532 3777 1621 3825 cui
1656 3775 2086 3842 superscriptum
2124 3779 2208 3825 est
2242 3777 2393 3826 nichil
2430 3775 2495 3826 G.

263 3856 341 3906 cf.
389 3856 699 3906 Lucianum
743 3857 1071 3908 Muellerum
1116 3858 1184 3908 de
1230 3873 1288 3907 re
1335 3865 1488 3908 metr.
1529 3875 1580 3924 p.
1616 3861 1700 3910 47.
1781 3859 1841 3909 in
1879 3858 1915 3908 S
1951 3875 2002 3910 v.
2040 3860 2293 3909 99—178
2329 3860 2496 3909 inter-

264 3940 524 3991 ciderunt
553 3955 663 3990 uno
689 3940 826 3992 folio
852 3942 1117 3993 abscisso.
1145 3969 1210 3979 —
1234 3958 1286 3996 v,
1314 3945 1411 3993 100
1448 3945 1587 4009 quod
1606 3946 1754 3993 nolim
1775 3944 1820 3992 P
1836 3946 1883 4006 1,
1922 3959 2051 4009 quae
2074 3947 2223 3994 nolim
2260 3943 2308 3994 G
2332 3958 2498 4008 supra

262 4041 399 4091 quae
423 4025 629 4090 scripto
653 4033 689 4083 t,
715 4026 812 4075 sed
838 4027 964 4092 ipsa
986 4028 1146 4078 varia
1168 4026 1338 4076 lectio
1365 4027 1537 4089 deest,
1566 4029 1704 4093 quod
1723 4029 1881 4078 noluit
1904 4029 1969 4091 L,
2007 4029 2144 4094 quod
2164 4030 2290 4078 nolit
2312 4028 2355 4077 P
2370 4030 2419 4077 2.
2436 4055 2494 4066 —

260 4125 319 4160 v.
340 4111 436 4159 101
451 4124 533 4172 sq.
559 4108 896 4160 adulterinos
921 4115 1254 4161 censuerunt
1271 4110 1537 4161 Heinsius
1564 4115 1619 4162 et
1644 4111 2004 4162 Schrader-us.
2038 4112 2135 4162 sed
2158 4128 2209 4161 v,
2233 4114 2497 4163 101—107
2580 4178 2585 4182 ¹
2660 4125 2675 4134 ·

261 4193 373 4243 toti
397 4193 544 4243 haud
569 4193 734 4243 dubie
757 4195 1168 4261 interpolatoris
1193 4200 1320 4244 sunt
1340 4195 1569 4245 inficeti.
1631 4199 1774 4246 testis
1808 4199 1955 4246 adest
1989 4198 2095 4258 P2,
2133 4199 2276 4246 testis
2299 4200 2399 4247 erit
2423 4234 2436 4248 .
2454 4234 2469 4248 .
2484 4233 2499 4248 .

261 4278 426 4345 lydon
452 4315 465 4330 .
483 4315 524 4331 ..
547 4293 678 4343 aper
703 4315 716 4329 .
735 4315 746 4328 .
909 4316 922 4331 .
939 4317 952 4329 .
987 4294 1184 4330 manco
1208 4295 1371 4330 versu
1397 4280 1468 4330 ab
1494 4295 1609 4332 sec.
1635 4297 1706 4334 m.
1730 4283 1790 4329 in
1817 4282 2064 4346 margine
2091 4282 2363 4350 completo
2388 4299 2500 4333 nam
