2917 4992
1430 319 1847 384 -32-

831 492 1071 555 Ψευδέα
1113 493 1460 572 μυθίζουσι,
1514 487 1829 568 Θεόκλεες,
1876 483 1954 565 ὡς
1996 484 2228 571 ἆγαθαὶ
2252 488 2381 570 ’μὲν
2534 575 2536 577 ¹

910 597 980 655 αἱ
1015 593 1302 674 Χάριτες,
1346 593 1575 671 τρισσαὶ
1624 585 1677 652 δ’
1728 591 1835 654 εἰσὶ
1882 583 2014 654 κατ’
2057 585 2428 673 Ὀρχομενόν.

826 689 1075 758 πεντακι
1116 689 1229 777 γὰρ
1275 695 1415 757 δέκα
1459 700 1581 756 σεῖο
1626 697 2043 774 περισκιρτῶσι
2084 689 2397 774 πρόσωπα,

909 793 1241 878 τοξοβόλοι,
1287 796 1531 876 ψυχέων
1573 791 1834 878 ἅρπαγες
1876 789 2215 878 ἀλλοτρίων.

522 965 584 1014 at
627 975 775 1014 vero
836 955 1035 1033 ipsum
1077 954 1538 1013 Aristaenetum
1585 973 1661 1012 ex
1722 950 2016 1031 Cydippa
2070 953 2207 1031 ipsa
2264 971 2511 1011 sensum
2553 952 2752 1025 istum,

520 1057 924 1130 transtulisse,
972 1055 1036 1114 id
1077 1057 1182 1114 vel
1218 1055 1366 1113 inde
1413 1055 1545 1114 veri
1588 1055 1787 1113 minus
1830 1055 2026 1114 simile
2058 1053 2361 1127 redditur,
2411 1052 2577 1132 quod
2608 1054 2757 1111 talia

521 1167 664 1216 sunt
714 1157 867 1217 sede
923 1158 1132 1216 vicina
1189 1155 1534 1236 eademque
1594 1157 1798 1215 colore
1856 1153 2095 1228 affinia,
2156 1175 2315 1235 quae
2371 1155 2754 1213 manifestius

523 1260 707 1317 etiam
751 1279 790 1317 a
833 1260 1077 1318 rhetore
1135 1258 1383 1317 adiecta
1439 1257 1593 1316 sint:
1658 1247 1761 1313 τὸν
1808 1251 1869 1314 δὲ
1916 1253 2049 1313 νέον
2094 1251 2387 1332 ἐκόσμουν
2450 1247 2755 1332 ὀφθαλμοὶ

522 1355 767 1436 φαιδροὶ
812 1355 924 1435 μὲν
971 1349 1050 1431 ὥς
1093 1351 1311 1439 κόρου,
1358 1353 1607 1438 φοβεροὶ
1650 1353 1717 1416 δὲ
1752 1347 1829 1428 ὦς
1857 1351 2167 1433 σώφρονος
2198 1353 2296 1415 καὶ
2331 1349 2563 1433 φύσεως
2597 1337 2754 1432 ἔρευ-

523 1465 638 1531 θος
683 1450 940 1530 εὐανθὲς
985 1457 1288 1538 ἐπιτρέχον
1333 1463 1460 1530 ταῖς
1506 1462 1799 1538 παρειαῖς.
1856 1461 1943 1519 ita
1989 1460 2153 1518 enim
2194 1461 2561 1520 correxerim
2603 1459 2755 1518 duce

522 1563 951 1642 Xenophonte
1008 1564 1316 1643 Ephesio,
1382 1581 1565 1642 quem
1624 1560 1970 1620 identidem
2027 1562 2334 1621 serviliter
2392 1562 2755 1640 excripsisse

520 1645 1018 1739 Aristaenetum,
1090 1664 1332 1745 pridem
1391 1663 1781 1723 observatum
1837 1671 1950 1722 est.
2000 1663 2076 1722 cf.
2121 1663 2622 1741 Peerlkampium
2679 1661 2754 1719 ad

519 1767 817 1846 Xenoph.
863 1766 1099 1846 Ephes.
1145 1787 1209 1846 p.
1255 1775 1343 1829 83.
1393 1776 1511 1827 115.
1570 1773 1690 1828 144.
1751 1775 1871 1828 155.
1928 1765 2105 1844 isque
2152 1766 2186 1824 I
2228 1773 2279 1838 2,
2327 1773 2390 1828 6:
2448 1755 2754 1839 ὀφθαλμοὶ

519 1867 762 1944 γοργοί,
820 1863 1064 1940 φαιδροὶ
1119 1863 1228 1943 μὲν
1291 1857 1367 1938 ὦς
1423 1860 1638 1942 κόρης,
1696 1861 1940 1942 φοβεροὶ
1986 1861 2050 1924 δὲ
2096 1853 2173 1935 ὥς
2228 1857 2553 1941 σώφρονος.
2618 1873 2755 1924 sunt

523 1969 686 2026 enim
719 1969 1163 2028 efflorescentis
1193 1968 1529 2027 iuventutis
1562 1967 1719 2026 oculi
1749 1962 2009 2043 φαιδροί.
2062 1967 2435 2046 Apollonius
2464 1967 2535 2026 ΙΙ
2562 1975 2635 2030 43
2662 1987 2752 2046 sq.

908 2107 1066 2174 τοῖος
1111 2101 1216 2178 ἔην
1265 2092 1410 2173 Διὸς
1454 2096 1619 2176 υἱός,
1668 2099 1751 2160 ἔτι
1798 2094 2120 2179 χνοάοντας
2164 2095 2403 2172 ἰούλους

907 2197 1226 2274 ἀντέλλων,
1275 2202 1362 2264 ἔτι
1405 2192 1659 2282 φαιδρὸς
1704 2199 1767 2260 ἕν
1810 2195 2084 2280 ὄμμασιν.

521 2358 597 2415 cf.
648 2357 914 2417 eundem
958 2357 1060 2416 III
1110 2366 1262 2420 1023.
1312 2367 1374 2416 et
1417 2357 1689 2437 paullum
1735 2358 1913 2416 aliter
1954 2357 2249 2435 Alciphro
2295 2357 2329 2415 I
2358 2364 2444 2430 38,
2476 2364 2528 2418 6.
2602 2357 2754 2414 haec

520 2459 702 2535 igitur
732 2457 1194 2517 Aristaenetum
1237 2467 1411 2537 patet
1458 2458 1538 2517 ad
1582 2457 1836 2517 verbum
1870 2478 1904 2516 e
1934 2457 2357 2536 Xenophonte
2402 2459 2751 2536 sumpsisse,

521 2561 698 2618 sicuti
759 2565 928 2618 recte
995 2561 1271 2619 iudicant
1334 2559 1645 2618 amborum
1711 2559 1889 2619 simul
1954 2560 2351 2638 interpretes,
2417 2567 2486 2616 ut
2539 2559 2755 2637 procul

519 2659 810 2719 habenda
855 2662 934 2720 sit
981 2661 1341 2721 Callimachi
1392 2662 1704 2721 memoria.
1796 2659 2011 2740 quibus
2066 2647 2274 2718 finitur
2332 2659 2604 2740 denique
2651 2661 2751 2719 de-

518 2763 771 2841 scriptio
827 2760 929 2819 καὶ
985 2757 1218 2836 φύσεως
1275 2761 1523 2838 ἔρευθος
1582 2783 1635 2822 e.
1684 2783 1743 2842 q.
1791 2782 1861 2835 S.,
1922 2781 1996 2820 ea
2052 2780 2130 2820 ex
2185 2762 2376 2840 ipsius
2437 2761 2749 2839 sophistae

521 2863 778 2921 officina'
812 2862 1119 2942 prodiisse
1163 2863 1460 2923 videntur
1506 2865 1834 2923 evincente
1879 2864 2014 2921 loco
2070 2863 2403 2935 simillime,
2468 2882 2651 2942 quem
2694 2872 2751 2920 et

518 2965 766 3022 Bastius
823 2965 1053 3038 attulit,
1114 2966 1182 3033 II
1225 2974 1289 3026 21
1337 2986 1398 3045 p.
1452 2975 1580 3028 193:
1647 2960 1748 3022 καὶ
1804 2957 2035 3038 φύσεως
2090 2950 2451 3022 αὖτόσκευον
2506 2959 2753 3043 ἔρευθος

521 3059 806 3143 ἐπιτρέχει
850 3068 978 3137 ταῖς
1019 3068 1310 3143 παρειαῖς.

686 3169 820 3226 Iam
863 3167 1049 3246 igitur
1095 3167 1378 3247 dispicis,
1442 3176 1636 3227 totum
1688 3168 1853 3227 hunc
1906 3169 2137 3242 locum,
2200 3168 2305 3248 qui
2364 3176 2645 3227 versatur
2688 3167 2749 3225 in

518 3268 750 3327 Aconti
797 3268 1253 3349 Cydippaeque
1315 3270 1743 3329 formonsitate
1802 3270 1983 3328 altius
2039 3269 2323 3328 tollenda
2368 3277 2428 3328 et
2484 3269 2750 3348 quodam

517 3368 703 3428 modo
753 3369 1180 3445 describenda,
1229 3371 1458 3430 nullam
1502 3370 1799 3430 videlicet
1842 3390 1970 3429 rem
2013 3372 2437 3430 continentem
2480 3391 2640 3451 quae
2672 3369 2751 3428 ad

520 3471 786 3549 aliquam
831 3469 1132 3539 conduc-at
1175 3473 1506 3550 imaginem
1552 3473 1754 3531 animo
1799 3472 2281 3548 informandam,
2329 3471 2405 3530 ab
2451 3473 2587 3552 ipso
2619 3473 2750 3531 rhe-

517 3580 652 3630 tore
701 3591 814 3650 pro
861 3592 1168 3651 purpureo
1215 3593 1427 3652 panno
1474 3574 1838 3653 paraphrasi
1885 3593 2021 3634 esse
2068 3584 2363 3649 assutum,
2421 3583 2569 3653 puto
2632 3593 2749 3652 quo

517 3673 716 3732 nitide
763 3674 1050 3752 oppleret
1095 3675 1271 3753 quasi
1316 3674 1630 3754 quoddam
1674 3675 1854 3734 hians
1900 3676 2207 3749 foramen,
2258 3675 2425 3754 quod
2468 3676 2533 3732 in
2566 3674 2748 3734 Calli-

515 3775 771 3832 machea
817 3775 1211 3834 enarratione
1256 3775 1373 3834 sibi
1419 3776 1737 3835 videretur
1784 3775 2291 3855 deprehendisse.
2355 3775 2522 3855 quod
2566 3777 2621 3835 si
2666 3777 2750 3833 ita

520 3885 639 3950 est,
712 3868 1118 3936 Callimachus
1183 3878 1658 3957 pulcritudinem
1717 3877 1990 3936 divinam
2050 3878 2265 3936 relicta
2334 3876 2748 3955 descriptione

519 3977 739 4036 effectu
780 3986 1018 4038 tantum
1062 3979 1244 4039 modo
1291 3978 1577 4059 probavit
1619 3978 1989 4058 legentibus,
2014 3975 2061 4056 ¹)
2125 3978 2190 4037 id
2223 3978 2390 4057 quod
2432 3977 2583 4037 boni
2615 3996 2748 4036 esse

654 4194 693 4255 ¹)
729 4195 869 4245 Nam
886 4197 1050 4247 latini
1073 4202 1272 4262 poetae
1295 4197 1658 4264 descriptioni.
1678 4215 1764 4265 ep.
1783 4197 1885 4248 XX
1906 4199 1972 4248 55
1990 4213 2106 4264 sqq.
2134 4195 2215 4247 nil
2240 4211 2361 4246 cum
2382 4194 2744 4246 Callimacho.

520 4282 763 4328 ceterum
811 4280 954 4343 quod
997 4282 1278 4332 Lucianus
1323 4282 1626 4332 Muellerus
1670 4283 1738 4332 de
1784 4299 1842 4333 re
1890 4287 2047 4334 metr.
2094 4299 2147 4348 p.
2182 4284 2249 4332 49
2286 4286 2479 4336 contra
2524 4282 2751 4332 Ἠιειίιίἰε
