2917 4992
1417 325 1843 389 ...62-

520 500 601 559 ad
651 519 810 580 quae
853 500 1108 579 respicit
1155 498 1446 579 Cydippa
1490 499 1655 558 XXI
1700 507 1801 560 125
1846 517 1985 578 sqq.

821 646 880 694 at
921 637 1124 710 fuerat
1168 640 1368 694 melius
1409 638 1464 693 si
1506 643 1558 693 te
1592 651 1749 708 puer
1792 639 1896 692 iste
1940 637 2194 704 tenebat,

922 756 1122 812 quem
1168 746 1240 795 tu
1285 742 1532 796 nescio
1577 753 1755 809 quas
1798 739 1988 793 dicis
2032 738 2302 793 habere
2347 729 2635 816 vices¹)‚

818 857 978 898 more
1021 843 1180 899 bonis
1222 842 1381 898 solito
1425 856 1585 912 spem
1630 857 1745 896 non
1788 837 2163 910 corrumpere
2203 837 2441 910 fraude.

519 977 769 1036 omnino
817 984 1019 1034 autem
1063 994 1256 1034 novo
1287 975 1517 1033 Aconti
1549 974 1799 1033 artificio
1832 971 2259 1046 callidissim0‚
2306 973 2371 1031 in
2406 992 2526 1051 quo
2560 973 2757 1032 cardo

514 1077 700 1138 totius
746 1076 994 1135 fabulae
1049 1085 1423 1149 verteretur,
1481 1076 1549 1132 in
1594 1076 1803 1153 primis
1850 1083 2093 1133 veteres
2140 1073 2430 1133 delectati
2478 1094 2617 1134 esse
2665 1075 2759 1132 vi-

521 1177 774 1251 dentur,
824 1177 990 1257 quod
1037 1177 1218 1237 docet
1264 1175 1529 1237 Ovidius
1577 1196 1633 1234 a.
1680 1197 1735 1234 a.
1782 1176 1815 1234 I
1859 1182 1961 1238 455
2006 1196 2142 1256 sqq.

817 1331 952 1387 erqo
996 1322 1093 1371 eat
1134 1323 1191 1370 et
1231 1315 1452 1370 blandis
1491 1321 1809 1385 peraretur
1850 1316 2042 1370 littera
2087 1316 2301 1381 verbiS,

921 1417 1296 1489 explet-etque
1341 1418 1561 1471 animos
1601 1417 1903 1487 primaque
1948 1422 2178 1488 temptet
2218 1415 2343 1472 iter.

819 1519 1009 1574 littera
1060 1517 1356 1589 Cydippen
1391 1535 1565 1589 pomo
1606 1519 1833 1588 perlata
1873 1516 2117 1589 fefellit,

919 1621 1212 1690 insciaque
1255 1626 1340 1674 est
1383 1620 1569 1676 verbis
1612 1626 1787 1691 capta
1823 1620 2027 1691 puella
2070 1621 2209 1675 suis,

517 1764 579 1814 et
634 1755 788 1813 alias
848 1772 1092 1832 quoque
1151 1753 1377 1812 Aconti
1435 1772 1679 1830 pomum
1738 1761 1805 1811 111
1858 1773 1985 1812 rem
2038 1754 2107 1812 in
2173 1752 2381 1831 primis
2440 1753 2758 1812 celebrem

515 1855 778 1915 vidimus
825 1855 1297 1914 commemorari.
1387 1873 1460 1912 ac
1504 1854 1633 1913 noli
1679 1853 1989 1928 dubitare,
2041 1856 2187 1934 quin
2224 1853 2637 1914 Callimachus
2687 1859 2755 1914 in

514 1977 694 2035 pomo
730 1955 1016 2034 Cydonio
1067 1975 1140 2014 ea
1183 1956 1426 2014 ratione
1472 1956 1715 2030 luserit,
1766 1975 1923 2036 quae
1968 1955 2277 2015 indicatur
2320 1955 2396 2014 ab
2428 1957 2755 2035 Hesychio

516 2052 854 2116 Κυδώνιον·
914 2053 1062 2133 μέγα
1109 2052 1208 2113 καὶ
1251 2043 1583 2134 ἀξιόλογον.
1658 2043 1699 2131 ἢ
1756 2047 2175 2132 ἀπατηλόν,
2226 2049 2497 2114 δόλιον.
2575 2057 2761 2118 deni-

519 2180 638 2240 que
687 2158 1015 2238 Cupidinis
1063 2160 1246 2218 astuti
1291 2159 1579 2218 mirificae
1625 2158 1893 2218 insidiae
1939 2159 2270 2219 communis
2316 2159 2446 2218 fere
2494 2149 2760 2219 eroticoss

515 2281 647 2320 rum
704 2260 873 2320 locus
931 2268 1074 2319 sunt
1138 2280 1470 2340 eorumque
1527 2261 1632 2320 vix
1688 2261 1837 2319 mihi
1890 2281 2141 2340 possum
2194 2268 2541 2339 temperare
2602 2263 2761 2341 quin

517 2383 708 2421 unum
751 2359 1090 2422 alterumve
1134 2363 1486 2441 respexisse
1521 2381 1595 2421 ea
1636 2363 1701 2420 in
1747 2382 1814 2422 re
1861 2371 2069 2440 putem
2112 2363 2415 2422 ‘notissimi
2462 2364 2760 2422 carminis

520 2464 722 2522 locum
766 2461 1232 2541 lepidissimum.
1308 2463 1501 2522 veluti
1550 2461 1799 2544 Charito
1846 2464 1880 2523 I
1928 2476 1973 2538 1,
2020 2473 2083 2525 4:
2130 2453 2469 2540 φιλόνεικος
2501 2455 2557 2520 δ’
2594 2459 2764 2522 ἐστὶν

518 2553 550 2621 ὃ
585 2557 776 2639 ’Ἑρως
822 2560 924 2622 καὶ
969 2563 1157 2640 χαίρει
1201 2567 1322 2636 τοῖς
1351 2559 1703 2639 παραδόξοις
1735 2557 2221 2642 κατορθώμασιν·
2268 2557 2507 2642 ἐζήτησε
2539 2561 2603 2625 δὲ
2638 2587 2764 2626 τοι·

519 2658 654 2725 όνόε
702 2656 802 2726 τὸν
847 2660 1074 2744 καιρόν.
1148 2665 1314 2726 idem
1358 2667 1452 2728 IV
1482 2675 1533 2741 7,
1566 2675 1635 2729 6:
1686 2659 1836 2748 [oia]
1882 2655 1995 2745 γὰρ
2039 2665 2502 2744 πεπαιδευμένος
2546 2663 2763 2727 ἐνεθυ-

515 2773 698 2845 μεῖτο,
745 2761 836 2827 ’ὅτι
882 2760 1234 2843 φιλόκαινός
1279 2765 1434 2827 ἐστιν
1479 2759 1747 2844 ὁ”Ερως.
1804 2769 2079 2829 Achilles
2111 2771 2251 2830 Tat.
2284 2771 2433 2845 110,
2470 2783 2529 2836 l:
2574 2761 2761 2830 αὖτο-

519 2869 791 2940 δίδακτος
834 2863 949 2948 γάρ
995 2865 1152 2928 ἔστιν
1197 2859 1230 2927 ὁ
1274 2859 1417 2941 θεὸς
1462 2863 1761 2946 σοφιστής.
1838 2871 1897 2932 V
1940 2878 2026 2944 27,
2073 2881 2135 2932 4:
2192 2860 2517 2950 αὐτουργὸς
2560 2861 2681 2950 γὰρ
2727 2861 2759 2930 ὃ

500 2965 695 3050 Ἔρως
723 2967 840 3052 ,καὶ
885 2958 1258 3048 αὐτοσχέδιος
1303 2963 1609 3048 σοφιστής.
1657 2973 1734 3032 cf.
1778 2973 1983 3051 Longi
2026 2981 2185 3052 past.
2231 2974 2326 3034 IV
2356 2981 2438 3048 18,
2490 2986 2535 3036 l.
2580 2975 2760 3035 Non·

519 3181 567 3223 te
603 3174 768 3224 verbis
792 3175 911 3224 mihi
946 3173 1017 3238 (h.
1050 3191 1095 3225 0.
1124 3192 1158 3224 a
1181 3173 1275 3238 me)
1312 3177 1591 3240 conpositis
1623 3175 1713 3226 vel
1754 3183 1803 3225 te
1826 3176 1991 3226 verbis
2014 3192 2047 3224 a
2070 3191 2145 3226 me
2168 3178 2447 3240 conpositis
2471 3179 2764 3228 adstrinaeit

517 3261 692 3309 Amor·-
742 3275 853 3309 non
890 3260 1035 3309 enim
1073 3261 1493 3311 construendum
1520 3275 1640 3310 esse
1667 3268 1715 3311 te
1739 3261 1857 3310 milei
1878 3262 2163 3311 adstrinoeit
2194 3261 2371 3325 Amor,
2417 3261 2559 3325 quod
2582 3262 2764 3328 signi-

517 3342 686 3393 ficare
721 3343 916 3393 volunt
949 3351 998 3394 te
1029 3345 1148 3394 mihi
1179 3346 1432 3408 copulavit
1455 3347 1630 3403 Amor,
1668 3345 1766 3395 sed
1802 3347 1886 3394 ita
1921 3347 2102 3410 potius
2140 3345 2376 3410 utdixi,
2415 3346 2765 3398 demonstrat

519 3442 639 3476 cum
687 3433 942 3493 receptus
983 3427 1246 3493 loquendi
1289 3445 1420 3480 usus
1467 3435 1580 3480 tum
1624 3446 1757 3480 vero
1802 3432 1920 3495 ipse
1958 3429 2191 3481 Ovidius
2238 3445 2397 3496 quem
2442 3431 2638 3481 dicunt
2676 3449 2764 3498 ep.

515 3511 644 3561 XVI
679 3513 805 3562 230:

674 3596 678 3601 ·
977 3589 1094 3630 tunc
1117 3597 1210 3646 eqo
1235 3583 1412 3633 iurabo
1439 3585 1645 3648 quaevis
1670 3583 1759 3632 tibi
1781 3585 1978 3633 nomina
2000 3600 2208 3650 meque

1093 3669 1493 3730 adstringam
1523 3667 1736 3716 verbis
1770 3670 1822 3716 in
1856 3684 2010 3717 sacra
2042 3670 2159 3718 iura
2191 3671 2305 3718 tuis.

517 3781 807 3830 conponere
841 3767 994 3817 verba
1029 3771 1210 3818 autem
1252 3781 1371 3818 esse
1407 3783 1636 3818 exarare
1670 3769 1825 3818 verba
1860 3769 2243 3834 conligendum
2281 3774 2365 3820 est
2402 3786 2468 3820 ex
2505 3776 2641 3822 met.
2680 3773 2759 3822 IX

517 3853 638 3900 521.
689 3851 878 3915 itaque
925 3865 1048 3901 cum
1083 3853 1404 3903 necessario
1451 3858 1547 3902 aut
1590 3854 1708 3902 milei
1754 3857 1851 3904 aut
1884 3871 1917 3904 a
1950 3871 2027 3904 me
2065 3859 2373 3920 corruptum
2414 3856 2488 3904 sit
2524 3869 2557 3906 0
2592 3855 2759 3907 libris

523 3935 873 4000 interpolatis
911 3936 1228 3988 dubitanter
1264 3938 1473 4003 sumpsi
1509 3939 1696 4002 egimus
1732 3946 1864 3988 arte.
1936 3941 2152 3990 tentavi
2198 3955 2440 4004 quoque:
2493 3948 2543 3990 te
2576 3945 2757 3993 modo

2022 4033 2048 4060 0

520 4074 910 4135 conpositis,
946 4075 1138 4139 siquid
1161 4081 1324 4124 tamen
1351 4076 1551 4138 eyimuS,
1592 4092 1625 4124 a
1648 4091 1722 4124 me
1746 4091 1788 4127 e.
1817 4092 1864 4140 q.
1891 4091 1934 4126 s.
1962 4073 2031 4140 (m
2054 4090 2153 4140 pro
2176 4071 2261 4140 m).

661 4171 698 4234 ¹)
737 4173 826 4221 Ita
866 4177 1155 4225 emendavi
1192 4177 1333 4240 quod
1369 4176 1497 4226 libri
1534 4177 1803 4240 praebent
1838 4192 1943 4226 1100
1980 4176 2106 4225 dum
2144 4181 2265 4226 erat
2301 4181 2603 4228 tentatum:

1037 4291 1177 4340 quem
1202 4284 1254 4326 tu
1279 4280 1447 4326 nescio
1474 4293 1601 4342 quas
1626 4280 1753 4327 dicis
1776 4279 1963 4328 habere
1984 4279 2185 4342 face-3.
