2917 4992
174 558 464 619 eiusdem
493 561 886 619 coniecturae
919 557 1187 639 quodam
1214 557 1396 618 modo
1432 566 1527 618 est
1552 558 1876 618 fideiussor
1918 568 2107 637 poeta
2135 557 2415 618 Latinus.

175 664 284 741 qui
348 663 508 722 enim
559 662 865 742 epistulae
909 661 1076 720 XXI
1131 662 1397 720 curatius
1455 658 1832 721 examinabit
1876 667 2068 719 artem
2114 669 2177 720 et
2220 662 2417 720 consi-

172 765 332 822 lium
373 762 772 823 considerans
815 764 1077 822 maxime
1105 782 1167 820 v.
1201 769 1511 835 iss—206,
1557 763 1723 822 hunc
1767 763 1982 840 fugere
2011 783 2139 822 non
2170 761 2413 842 poterit,

175 865 382 943 qualis
428 865 614 922 animi
656 865 992 924 immutatio
1049 865 1117 922 in
1173 883 1250 922 ea
1293 871 1605 938 cernatur,
1666 866 1947 943 quamvis
1999 865 2248 924 interim
2300 883 2419 922 nee

173 967 510 1025 Acontium
555 965 850 1045 Cydippa
891 965 1136 1039 viderit,
1183 985 1302 1024 nec
1344 966 1471 1040 ille,
1516 970 1608 1024 cui
1646 969 2035 1024 destinabatur
2074 985 2247 1036 uxor,
2292 965 2416 1025 ullo

177 1075 366 1146 paeto
415 1087 546 1126 eam
591 1066 942 1127 offenderit.
1029 1087 1104 1125 ac
1148 1067 1362 1146 pulcra
1417 1075 1512 1126 est
1568 1067 1789 1126 amoris
1831 1067 2015 1126 modo
2063 1067 2417 1128 enascentis

177 1169 402 1247 suique
446 1170 550 1229 vix
594 1168 738 1227 dum
781 1169 1012 1228 conscii
1063 1176 1228 1228 tecta
1269 1167 1636 1245 significatio
1680 1187 1741 1226 v.
1785 1177 2097 1241 203—206,
2146 1169 2419 1248 apertior

178 1271 242 1327 in
310 1271 451 1348 ipso
510 1270 675 1329 exitu
733 1271 1036 1348 epistulae
1101 1289 1162 1328 v.
1217 1275 1318 1331 247
1363 1289 1456 1348 sq.
1556 1269 1711 1328 haec
1764 1270 1914 1330 satis
1972 1270 2125 1344 sint,
2194 1270 2415 1349 quibus

177 1380 614 1448 cognoscatur,
670 1372 840 1451 quali
881 1373 1121 1431 ratione
1166 1379 1354 1450 poeta
1398 1372 1659 1431 rhetoris
1704 1391 1897 1449 agens
1944 1380 2154 1451 partes
2200 1392 2279 1431 ex
2322 1391 2415 1430 ar-

177 1481 474 1550 gumento
531 1473 583 1531 si
640 1472 806 1552 quod
862 1472 1030 1532 aliud
1094 1472 1326 1532 lubrico
1372 1493 1444 1531 ac
1489 1473 1724 1533 difficili
1768 1493 1907 1532 sese
1954 1473 2319 1552 expedierit.

351 1573 740 1654 Sequebatur
809 1576 1164 1653 nuptiarum
1235 1573 1595 1653 descriptio,
1674 1594 1902 1654 easque
1968 1575 2171 1652 cogita
2232 1574 2417 1652 Deli

179 1675 542 1736 celebratas.
561 1671 610 1752 ¹)
701 1676 818 1734 hoc
876 1676 1039 1736 enim
1095 1675 1348 1735 credere
1414 1695 1529 1734 nos
1586 1682 1753 1734 certo
1813 1675 1983 1734 iubet
2037 1696 2154 1735 nec
2208 1675 2415 1735 fallaci

176 1777 410 1838 indicio
456 1776 716 1838 Ovidius
761 1778 894 1836 XX
937 1785 1044 1840 233
1084 1796 1222 1857 sqq.

481 1917 673 1972 iuncta
717 1917 870 1972 salus
913 1919 1110 1972 nostra
1155 1918 1257 1970 est.
1347 1917 1612 1971 miserere
1654 1917 1839 1988 tuique
1880 1917 2110 1988 meique.

584 2019 718 2090 quid
758 2018 984 2074 dubitas
1026 2032 1195 2072 unam
1234 2015 1400 2088 serre
1442 2017 1653 2073 duobus
1696 2022 1892 2088 opem?

482 2119 631 2190 quod
670 2121 722 2174 si
761 2121 1064 2191 contiyerit,
1110 2134 1232 2174 cum
1275 2120 1387 2173 iam
1431 2119 1569 2172 data
1612 2122 1771 2192 siqua
1814 2119 2107 2185 sonabunt,

585 2223 870 2306 tinctaque
913 2221 1089 2277 votivo
1127 2222 1400 2292 ‘sanquine
1439 2219 1653 2276 Delos
1696 2223 1807 2275 erit
1848 2251 1951 2276 —-.

181 2346 263 2412 ac*
299 2353 480 2412 facile
522 2353 641 2413 hoe
697 2353 940 2412 oraculo
1000 2362 1395 2432 praeceptum
1440 2352 1643 2412 fuerit.
1732 2351 1846 2412 sed
1900 2372 2121 2432 reapse
2168 2372 2413 2432 quoque

181 2455 338 2513 nihil
379 2452 648 2524 habebat
691 2455 1046 2522 insolentiS‚
1101 2462 1168 2512 ut
1223 2455 1477 2534 nuptiae
1533 2453 1643 2514 sub
1704 2454 1978 2515 eiusdem
2035 2454 2192 2514 deae
2240 2456 2414 2534 quasi

185 2555 375 2614 oculis
420 2564 482 2615 et
527 2557 688 2615 circa
731 2555 952 2616 eadem
994 2556 1102 2615 illa
1157 2575 1330 2616 sacra
1375 2555 1838 2616 celebrarentur
1861 2601 1876 2630 ,
1946 2576 2107 2636 quae
2151 2557 2415 2615 feliciter

185 2658 642 2716 consociassent
684 2677 799 2737 par
843 2659 1186 2736 coniugum.
1274 2659 1527 2717 istorum
1571 2667 1776 2717 autem
1817 2677 2132 2730 versuum,
2194 2652 2411 2736 quibus

184 2765 370 2836 poeta
408 2759 595 2818 finem
631 2759 779 2818 fecit
825 2760 1128 2838 epistulae
1165 2760 1421 2833 Aconti,
1472 2779 1631 2838 quae
1676 2759 1755 2818 sit
1796 2759 2142 2831 auctoritas,
2192 2759 2412 2816 clarius

189 2859 494 2919 elucescet
550 2880 627 2920 ex
671 2851 746 2920 e‘a
801 2861 1250 2942 disputatione,
1312 2880 1494 2940 quam
1548 2861 1767 2920 tertiae
1822 2859 2003 2918 huius
2059 2861 2411 2940 scriptionis

186 2962 345 3039 parti
390 2963 794 3041 seposuimus.
882 2982 1001 3021 nec
1043 2964 1272 3041 poterit
1326 2963 1541 3021 mirum
1586 2963 1869 3042 cuiquam
1910 2960 2110 3021 videri
2154 2970 2294 3040 post
2339 2982 2414 3020 ea

189 3082 346 3141 quae
403 3063 814 3138 disseruimus,
862 3063 1324 3123 Aristaenetum
1368 3062 1620 3143 quidem
1664 3084 1798 3123 eam
1838 3083 1968 3122 rem
1996 3071 2063 3122 ut
2093 3065 2412 3123 mentione

187 3165 381 3224 minus
428 3163 678 3242 dignam
719 3166 1002 3224 tacuisse.
2092 3243 2103 3250 θ
2453 3151 2459 3156 ”

349 3265 574 3326 Denuo
649 3287 814 3325 nunc
881 3267 1154 3345 virgines
1231 3265 1562 3347 Cydippae
1636 3267 1928 3346 aequales
2001 3267 2413 3347 hymenaeum

192 3376 414 3427 canunt
441 3388 572 3427 non
602 3368 863 3446 amplius
903 3370 1025 3426 iam
1053 3369 1467 3448 interruptum
1497 3367 1893 3448 dilatumque.
1938 3401 2025 3414 —-
2065 3367 2221 3427 haec
2249 3367 2413 3427 bene

190 3467 470 3528 habeant.
561 3467 672 3528 sed
718 3468 937 3548 quibus
981 3471 1100 3530 ista
1142 3472 1263 3530 iam
1309 3472 1744 3550 expinguntur,
1792 3491 1867 3530 ea
1911 3471 2067 3530 nihil
2109 3478 2253 3529 sunt
2294 3471 2416 3530 nisi

195 3578 364 3628 cento
422 3570 700 3650 quidam,
771 3591 950 3650 quem
1008 3569 1225 3650 putide
1283 3580 1602 3631 consutum
1658 3573 2062 3652 interpolavit
2113 3574 2411 3653 sophista.

198 3671 251 3728 is
295 3672 451 3730 enim
480 3672 581 3730 hic
611 3693 856 3753 quoque
900 3673 1298 3753 impudenter
1343 3674 1700 3753 compilavit
1741 3675 2196 3748 Philostratum,
2246 3675 2413 3735 cuius

202 3771 346 3832 duas
400 3773 660 3853 phrases
709 3775 1277 3849 confer-ruminavit,
1351 3795 1538 3834 unam
1598 3795 1674 3835 ex
1724 3777 1949 3854 imagg.
2006 3776 2075 3834 H
2118 3787 2147 3837 1
2213 3770 2315 3832 καὶ
2370 3765 2411 3848 ἡ

199 3865 542 3946 διδάσκαλος
584 3864 909 3953 ὑποβλέπει
950 3866 1062 3952 τὴν
1103 3866 1458 3960 (ἐπᾴδουσαν
1503 3875 1795 3952 κροτοῦσα
1838 3867 1943 3945 τοὶς
1984 3879 2181 3954 χεῖρας
2210 3871 2311 3934 καὶ
2356 3871 2415 3946 ἐς

196 3961 268 4030 τὸ
317 3971 477 4050 μέλος
534 3975 758 4049 ἱκανῶς
811 3971 1240 4056 ἕμβιβάζουσα,
1299 3979 1555 4038 alteram
1610 3979 1645 4037 I
1686 3987 1721 4039 2
1766 3985 1918 4037 extr.
1996 3974 2099 4034 καὶ
2155 3966 2195 4052 ἡ
2255 3965 2414 4048 δεξιοὶ

201 4077 322 4146 τοῖς
362 4073 667 4150 δακτύλοις
711 4071 1171 4158 ὑπεσταλμένοις
1212 4067 1613 4156 ὑποκειμένην
1656 4069 1766 4155 τὴν
1820 4068 2133 4157 ἀριστεράν
2176 4070 2411 4154 πλήττει

336 4331 372 4396 ¹)
403 4334 522 4386 Hoc
557 4351 592 4386 a
626 4335 964 4386 Buttmanno
998 4334 1037 4388 l.
1074 4349 1121 4387 c.
1160 4351 1212 4400 p.
1252 4335 1349 4384 118
1384 4334 1846 4400 praetermissum.
