2917 4992
1272 337 1354 345 --
1445 306 1567 366 164
1659 335 1731 344 —-

550 474 621 532 P.
644 481 714 535 33
735 493 871 552 sqq.
905 451 984 530 ad
1015 473 1271 532 iuvenes
1302 472 1631 532 Acontium
1662 481 1969 557 sectantes
2002 473 2322 553 spectabat
2352 474 2615 534 fortasse

381 575 497 652 frg.
548 584 674 636 148:

1083 690 1367 766 φοιτίζειν
1409 679 1635 770 ἀγαθοὶ
1679 684 1963 764 πολλάκις
1991 679 2209 767 ἠϊθεοί.

550 880 622 938 Ρ.
667 887 731 940 41
793 901 854 938 n.
902 889 935 940 2
1004 881 1280 939 consulto
1350 881 1525 938 omisi
1581 899 1918 963 memorare
1984 880 2209 958 longae
2266 882 2495 941 vocalis
2551 883 2619 940 in

383 982 578 1041 altera
621 983 992 1058 pentametri
1036 990 1216 1061 parte
1263 982 1586 1040 elisionem
1634 1001 1733 1061 ep.
1767 982 1897 1040 XX
1931 991 2031 1046 178
2060 981 2135 1042 ab
2170 981 2397 1042 Ovidio
2428 985 2621 1063 plane

381 1085 650 1142 alienam
709 1082 815 1161 (cf.
871 1083 1239 1142 Muellerum
1296 1082 1374 1142 de
1428 1103 1497 1142 re
1554 1093 1728 1142 metr.
1786 1104 1849 1162 p.
1895 1084 1967 1142 L.
2025 1105 2087 1163 p.
2132 1081 2285 1160 300).
2372 1104 2449 1143 ex
2502 1087 2623 1144 hac

384 1185 547 1243 enim
592 1193 657 1243 ut
704 1185 1134 1244 concluderem
1177 1194 1369 1244 totam
1416 1185 1743 1263 epistulam
1789 1184 1865 1243 ab
1900 1183 2127 1244 Ovidio
2168 1186 2459 1265 scriptam
2489 1208 2622 1246 non

383 1306 520 1345 esse
573 1287 716 1345 ideo
776 1289 976 1347 minus
1032 1296 1224 1346 tutum
1275 1286 1633 1360 videbatur,
1708 1287 1997 1366 quoniam
2053 1287 2159 1347 ille
2212 1288 2347 1367 ipse
2404 1309 2622 1348 versus

314 1431 322 1434 -
380 1390 558 1447 simul
614 1409 747 1447 cum
801 1389 1023 1448 vicinis
1081 1389 1334 1448 aliunde
1381 1391 1651 1466 graviter
1695 1396 2015 1466 suspectus
2063 1397 2175 1448 est.
2246 1390 2623 1449 ratiunculas

383 1491 500 1574 etsi
554 1490 718 1550 bene
773 1489 1057 1549 cordatus
1113 1491 1308 1550 lector
1365 1510 1499 1548 cum
1542 1490 1643 1548 hic
1686 1499 1813 1549 tum
1856 1491 1921 1547 in
1969 1492 2189 1550 ceteris
2238 1511 2388 1570 quas
2434 1493 2625 1550 statui

379 1593 959 1673 interpolationibus
1029 1593 1345 1672 plerisque
1413 1591 1530 1651 sibi
1584 1591 1720 1671 ipse
1778 1592 1944 1650 facili
2002 1593 2253 1670 negotio
2311 1603 2621 1672 suggeret,

379 1702 589 1754 tamen
634 1715 818 1775 spero
880 1695 1013 1754 fore
1059 1703 1127 1754 ut
1171 1695 1322 1753 alias
1370 1696 1725 1754 universam
1772 1713 1907 1752 eam
1950 1695 2267 1754 materiem
2314 1695 2623 1776 explicate

380 1804 771 1877 pertractem.
849 1805 1118 1856 ceterum
1161 1797 1384 1856 Lehrsi
1439 1795 1779 1854 observatis
1827 1797 1891 1854 in
1936 1791 2334 1856 Fleckei'seni
2380 1798 2624 1857 annali-

378 1898 494 1959 bus
539 1905 606 1962 87
653 1921 715 1978 p.
762 1907 832 1960 58
861 1919 1001 1979 sqq.
1061 1890 1485 1978 quaestionem
1544 1917 1701 1977 quae
1764 1897 2013 1977 quidem
2070 1906 2165 1958 est
2222 1899 2302 1957 de
2332 1898 2623 1958 odiversis

383 2001 780 2081 epistularum
813 1999 1258 2060 Ovidianarum
1303 1999 1651 2060 auctoribus
1698 2019 1826 2060 non
1860 2000 2037 2059 nimis
2069 2001 2417 2081 promoveri
2451 2010 2622 2081 puto.

549 2129 620 2187 P.
654 2135 724 2191 43
753 2149 814 2188 n.
849 2138 876 2189 1
923 2127 1222 2188 addenda
1268 2136 1399 2186 erat
1441 2128 1944 2207 Polyphonte
1992 2147 2071 2186 ex
2098 2127 2333 2189 Anton.
2366 2126 2504 2188 Lib.
2532 2134 2621 2188 21.

551 2256 623 2315 P.
673 2267 739 2318 55
783 2255 890 2315 ubi
937 2257 1124 2316 citavi
1171 2276 1270 2335 ep.
1304 2257 1470 2316 XXI
1515 2265 1615 2318 103
1658 2255 1820 2314 hanc
1864 2256 2084 2335 supple
2131 2255 2626 2316 adnotationem:

380 2359 590 2437 itaque
648 2367 815 2417 recte
865 2359 1216 2417 observavit
1259 2358 1588 2430 HeinsiuS,
1656 2357 1821 2416 hunc
1864 2358 2064 2436 ipsum
2110 2357 2185 2416 ob
2231 2358 2430 2418 locum
2474 2359 2626 2418 ferri

381 2480 509 2518 non
555 2479 740 2539 posse
785 2459 1098 2537 vulgatam
1142 2461 1502 2538 scripturam
1546 2459 1677 2518 XX
1720 2467 1825 2520 204
1867 2477 2037 2516 sacra
2070 2461 2450 2534 pharetratae
2492 2463 2624 2518 dum

377 2563 527 2636 facis
569 2567 692 2636 ipsa
738 2565 900 2632 deae,
961 2563 1026 2622 in
1076 2561 1294 2642 quibus
1343 2561 1527 2621 etiam
1569 2567 1692 2636 ipsa
1737 2581 1865 2620 non
1909 2559 2099 2644 habet
2145 2583 2263 2641 quo
2311 2571 2477 2621 recte
2523 2583 2625 2622 re-

381 2663 631 2723 feratur.
719 2683 836 2723 nec
905 2665 1098 2742 magis
1157 2664 1569 2724 Heinsianum
1630 2666 1757 2720 dum
1811 2665 1959 2736 facis
2013 2667 2151 2721 aede
2215 2667 2352 2722 deae
2416 2672 2627 2743 potest

381 2765 660 2844 probari,
719 2766 832 2824 sed
891 2775 1038 2845 apta
1085 2768 1272 2831 ¹unice
1322 2765 1801 2846 Guelferbytani
1856 2766 2022 2824 tertii
2078 2767 2378 2845 scriptura
2421 2767 2542 2826 iam
2590 2787 2627 2824 a

380 2868 733 2927 Burmanno
783 2868 1207 2927 commendata
1253 2871 1380 2926 dum
1419 2871 1566 2942 facit
1604 2873 1727 2941 ipsa
1772 2869 1928 2925 deae.

550 2995 622 3052 P.
667 3003 736 3057 68
781 3014 909 3052 non
960 2993 1262 3054 debebam
1319 2996 1509 3054 citare
1566 3003 1876 3074 tamquam
1930 2993 2187 3074 probum
2231 3013 2474 3054 versum
2520 3015 2623 3074 ep.

379 3096 511 3156 XX
554 3103 639 3169 97,
691 3115 873 3176 quem
932 3115 1068 3156 esse
1128 3098 1567 3177 interpolatum
1624 3097 1949 3177 postmodo
2008 3097 2138 3155 vidi
2193 3105 2253 3155 et
2296 3098 2363 3155 in
2408 3116 2627 3155 recen-

383 3200 558 3258 sione
607 3199 911 3278 epistulae
958 3200 1319 3277 significavi.

550 3329 622 3386 Ρ.
669 3336 736 3390 69
797 3327 874 3386 de
937 3347 1035 3405 ep.
1083 3327 1213 3385 XX
1257 3347 1317 3385 v.
1365 3336 1434 3388 20
1491 3327 1792 3406 scriptura
1852 3325 1997 3406 quid
2056 3327 2347 3386 sentirem
2408 3328 2625 3405 aperui

380 3431 444 3486 in
493 3428 803 3488 adnotatis
852 3428 932 3486 ad
975 3429 1035 3487 h.
1083 3449 1141 3487 v.
1189 3462 1270 3470 -
1319 3428 1396 3487 de
1444 3429 1743 3507 prodigiis
1792 3449 1949 3508 quae
1995 3429 2059 3486 in
2106 3429 2321 3488 statuis
2372 3428 2625 3488 deorum

381 3531 545 3589 facta
592 3550 728 3589 esse
774 3538 1118 3589 narrantur
1148 3530 1485 3608 disputavit
1515 3531 1938 3589 Boetticherus
1970 3530 2291 3590 Tektonik
2322 3531 2389 3589 ΙΙ
2421 3550 2482 3609 p.
2521 3539 2626 3590 122

382 3641 443 3691 et
487 3653 548 3712 p.
587 3641 685 3694 126
716 3651 808 3711 sq.

547 3760 618 3818 P.
651 3767 720 3822 74
751 3779 886 3838 sqq.
963 3759 1228 3820 Acontio
1275 3761 1338 3817 in
1389 3761 1559 3819 silvis
1608 3761 1890 3838 querenti
1937 3768 2083 3838 puto
2133 3761 2376 3838 picum
2422 3760 2621 3820 felicis
2734 3839 2739 3844 ⁸

383 3870 640 3921 eventus
689 3864 1003 3938 augurium
1050 3861 1316 3921 oblatum
1363 3882 1519 3921 esse.
1577 3881 1720 3920 nam
1776 3861 1893 3919 huc
1949 3860 2349 3939 probabiliter
2401 3863 2624 3920 referri

380 3971 588 4041 potest
635 3961 991 4022 Callimachi
1037 3964 1152 4041 frg.
1207 3971 1334 4026 173:

1383 4122 1413 4188 ὃ
1463 4123 1515 4186 δ’
1567 4120 1737 4205 ’ἦλεὸς
1788 4119 1919 4188 οὐδ’
1972 4127 2065 4188 ἐπὶ
2114 4131 2315 4206 σίττην

987 4229 1232 4307 βλέψας.
