2917 4992
1403 357 1867 420 -116—

597 518 785 589 πολλὰ
826 525 938 607 μὲν
982 523 1263 588 Κυδώνια
1307 529 1465 606 μᾶλα
1508 527 1940 608 ποτερρίπτουν
1984 525 2120 589 ποτὶ
2168 527 2387 608 δίφρον
2428 521 2661 605 ὅίνακτι,

598 619 788 691 πολλὰ
835 627 898 690 δὲ
941 623 1204 710 μύρσινα
1245 623 1447 706 φύλλα

597 730 700 792 καὶ
745 731 1021 814 ῥοδίνους
1063 726 1394 809 στεφάνους
1437 729 1552 791 ἴων
1594 751 1655 791 τε
1700 731 2029 812 κορωνίδας
2070 725 2251 804 οὔλας

512 873 580 931 in
637 891 788 931 vase
844 872 1009 951 picto
1064 870 1232 950 apud
1278 867 1687 932 Gerhardium
1731 869 2006 930 Vasenb.
2056 878 2187 946 169,
2241 881 2262 930 l
2327 869 2433 948 (cf.
2465 869 2749 930 Iahnium

513 973 858 1035 Vasenkat.
903 970 1032 1050 283)
1103 973 1382 1046 Helena,
1443 991 1605 1052 quae
1662 992 1698 1030 a
1752 973 2043 1032 Menelao
2103 970 2347 1031 domum
2406 969 2745 1044 deducitur,

513 1095 760 1155 pomum
803 1094 989 1133 manu
1033 1082 1256 1152 gestat.
1321 1073 1594 1152 denique
1637 1072 1903 1132 Arabius
1950 1072 2121 1131 anth.
2168 1072 2349 1132 Plan.
2398 1080 2528 1135 144:

797 1183 1024 1250 ’Ἕδνα
1064 1188 1316 1270 γάμων
1362 1187 1631 1267 ἕρριπτες
1673 1177 1713 1264 ἢ
1759 1178 2052 1270 ἀμβολίην
2096 1190 2419 1266 ταχυτῆτος

918 1293 1092 1352 τοῦτο
1134 1289 1308 1371 γέρας
1351 1285 1543 1374 κούρῃ
1586 1287 1867 1372 χρύσεον,
1905 1280 2283 1369 Ἱππόμενεςς

684 1431 817 1490 Iam
859 1430 1084 1510 liquet,
1133 1439 1315 1508 put0,
1365 1449 1547 1509 quem
1592 1428 1671 1488 ad
1717 1429 1901 1488 finem
1945 1436 2077 1487 tota
2120 1429 2276 1487 haec
2318 1436 2615 1507 properet
2653 1447 2751 1487 ex-

513 1533 763 1612 positio·
853 1529 942 1589 ab
996 1531 1287 1591 Aconti
1343 1551 1559 1610 pomo
1614 1530 2048 1609 singularis
2120 1528 2428 1609 quidam
2496 1550 2752 1608 pomo-

515 1655 669 1694 rum
729 1651 906 1693 usus
965 1631 1352 1711 nuptialis
1410 1631 1959 1712 repetebatur,
2024 1631 2152 1711 qui
2194 1630 2370 1691 Deli
2415 1630 2593 1698 olim
2638 1631 2751 1689 vi-

516 1735 769 1814 gebat.
870 1735 922 1793 is
983 1753 1132 1806 vero
1188 1753 1332 1793 usus
1399 1734 1597 1813 qualis
1666 1733 1854 1792 fuerit
1911 1734 2129 1813 nequit
2194 1752 2346 1791 sane
2412 1733 2752 1790 accuratius

523 1837 785 1896 definiri.
874 1854 1143 1914 namque
1187 1843 1416 1894 norunt
1459 1835 1677 1914 periti,
1728 1854 1909 1915 quam
1953 1835 2170 1894 vario
2218 1833 2435 1893 modo
2478 1834 2631 1893 locis
2667 1834 2753 1893 di-

515 1938 712 1996 versis
770 1935 975 1994 idem
1027 1935 1448 2015 symbolum
1492 1944 1848 2015 usurpatum
1892 1937 1973 1996 sit
2030 1955 2335 2016 quamque
2380 1936 2445 1994 in
2494 1943 2755 1994 externa

517 2039 679 2098 facie
727 2057 932 2097 earum
978 2057 1176 2096 rerum
1220 2037 1375 2095 nihil
1405 2039 1539 2096 fere
1574 2045 1865 2098 constans
1897 2039 2003 2111 sit,
2051 2037 2209 2096 nihil
2238 2035 2479 2096 stabile.
2539 2057 2755 2096 verum

519 2142 685 2199 enim
741 2139 846 2198 ubi
903 2139 1174 2199 lustratis
1235 2139 1323 2198 eis
1371 2159 1531 2219 quae
1575 2159 1762 2218 supra
1806 2141 1995 2198 allata
2039 2131 2191 2198 sunt
2225 2139 2342 2198 hoc
2372 2139 2755 2218 potissimum

518 2242 928 2322 anquirimuS,
994 2241 1191 2321 qualis
1249 2260 1568 2320 pomorum
1623 2261 1767 2300 usus
1814 2243 2033 2302 ceteris
2079 2240 2454 2321 probabilius
2502 2250 2562 2300 et
2612 2261 2755 2300 con-

519 2343 761 2402 cinnius
821 2361 858 2400 a
904 2341 1236 2422 Cydippae
1295 2341 1510 2401 fabula
1566 2343 1767 2421 repeti
1810 2342 2110 2422 potuerit,
2170 2342 2565 2418 coniecerim,
2634 2341 2755 2422 Cy-

519 2443 712 2502 donia
765 2443 928 2501 mala
969 2443 1074 2502 vel
1129 2443 1404 2523 proiecta
1450 2463 1618 2517 esse,
1686 2444 1829 2503 dum
1883 2463 2112 2523 pompa
2168 2444 2368 2522 agitur
2410 2444 2753 2517 sollemniS,

519 2543 825 2624 quomodo
897 2552 992 2602 est
1062 2545 1126 2602 in
1191 2545 1298 2604 illo
1358 2543 1693 2605 Stesichori
1762 2545 2140 2624 fragmento,
2216 2545 2320 2604 vel
2377 2565 2653 2625 sponsae
2722 2565 2757 2602 a

516 2666 748 2726 sponso
805 2654 1116 2725 porrecta,
1179 2665 1361 2732 quem
1415 2666 1646 2706 morem
1703 2647 1969 2706 Athenis
2028 2648 2363 2728 antiquitus
2412 2646 2755 2707 obtinuisse

517 2748 802 2808 vidimus.
876 2749 1092 2808 horum
1151 2755 1317 2807 certe
1375 2758 1658 2808 neutrum
1712 2769 1840 2808 non
1899 2747 2331 2828 percommode
2388 2769 2460 2808 ac
2504 2770 2755 2829 prorsus

520 2869 598 2908 ex
644 2848 1092 2909 consuetudine
1137 2858 1449 2909 narratum
1497 2859 1661 2910 esset
1704 2851 1769 2909 in
1814 2852 2167 2910 memoriam
2206 2851 2340 2911 fieri
2371 2849 2755 2910 celeberrimi

517 2952 682 3010 illius
737 2951 905 3030 pomi
951 2949 1229 3030 Cydoni,
1293 2951 1463 3030 quod
1520 2951 1597 3010 ab
1643 2951 1909 3012 Acontio
1965 2953 2189 3012 iactum
2234 2973 2271 3011 a
2317 2951 2616 3033 Cydippa
2660 2973 2755 3012 ac-

521 3062 766 3132 ceptum
811 3051 1194 3111 felicissimas
1241 3053 1388 3112 olim
1431 3054 1679 3133 nuptias
1726 3054 2133 3130 conciliasset.

686 3137 910 3234 Neque
968 3173 1115 3212 vero
1177 3152 1416 3228 dubito,
1479 3156 1627 3235 quin
1677 3154 2085 3215 Callimachus
2141 3156 2312 3215 iuxta
2366 3156 2531 3215 hunc
2578 3157 2759 3216 ritum

521 3255 816 3314 sacrificia
876 3254 1181 3335 quaedam
1250 3257 1555 3336 nuptialia
1610 3256 1857 3316 Dianae
1914 3257 2216 3317 Deliacae
2292 3258 2497 3317 offerri
2573 3259 2760 3319 solita

519 3357 1020 3416 commemorarit.
1095 3358 1257 3416 hanc
1303 3359 1467 3419 enim
1508 3359 1576 3417 in
1620 3359 1831 3438 primis
1876 3351 2285 3438 κουροτρόφον
2329 3360 2521 3420 fuisse
2569 3369 2760 3441 atque

521 3456 892 3517 nubentibus
939 3466 1005 3518 ut
1049 3457 1318 3534 νυμφίαν
1365 3481 1503 3520 esse
1550 3461 1773 3520 cultam
1803 3471 2178 3540 compertum
2207 3461 2523 3521 habemuS.
2586 3483 2759 3522 nam-

521 3578 641 3639 que
692 3559 832 3638 ipse
893 3559 1298 3620 Callimachus
1353 3563 1420 3621 in
1464 3563 1606 3622 Del.
1652 3570 1969 3626 291——298
2018 3573 2229 3623 narrat
2272 3564 2467 3644 Vpidi
2510 3565 2761 3624 Loxoni

516 3661 882 3738 Hecaergae
897 3657 946 3738 ¹)
993 3661 1538 3743 Hyperboreorum
1580 3663 1950 3743 virginibuS,
2001 3684 2159 3744 quae
2203 3685 2407 3724 sacras
2452 3667 2759 3745 primitias

516 3762 742 3822 Delum
788 3761 1182 3839 detulissent,
1244 3764 1471 3824 divinis
1514 3765 1848 3826 honoribus
1893 3774 2037 3846 post
2078 3775 2333 3827 mortem
2376 3769 2760 3827 consecratis

519 3863 824 3925 nubentes
870 3866 1146 3945 virgines
1191 3886 1424 3925 comam
1454 3867 1673 3926 offerre
1708 3866 2050 3928 detonsam.
2124 3868 2305 3929 vides
2352 3877 2557 3928 autem
2600 3869 2764 3929 nihil

520 3983 658 4024 esse
701 3967 958 4026 nomina
997 3968 1305 4046 virginum
1348 3969 1470 4028 nisi
1499 3970 1747 4028 Dianae
1782 3971 2175 4049 cognomina,
2223 3971 2288 4031 in
2322 3971 2489 4030 cuius
2522 3991 2759 4031 numen

657 4201 695 4266 ¹)
741 4203 1056 4254 Herodotus
1090 4204 1168 4256 IV
1203 4207 1448 4271 33-36,
1498 4207 1808 4257 Pausanias
1844 4205 1873 4256 1
1906 4208 2002 4271 43,
2047 4208 2081 4255 4
2129 4213 2184 4258 et
2217 4208 2268 4259 V
2302 4209 2351 4270 7,
2390 4208 2423 4256 8
2469 4207 2760 4259 Loxonem

518 4301 626 4334 non
663 4294 1108 4339 commemorant.
