2917 4992
1363 321 1786 386 *24-

669 491 890 557 οὕνεκα
942 494 1315 576 Πιερίὸεσσιν
1358 487 1604 572 ἕνήμεσε
1646 494 1829 571 μυρία
1873 497 2043 552 κεῖνα

756 595 1058 678 φλέγματα
1101 595 1201 657 καὶ
1245 596 1531 674 μνσαρῶν
1573 586 1872 672 ἆπλυσίην
1918 591 2210 673 ἕλε’γων.·

668 693 845 779 ἤλασε
891 697 992 760 καὶ
1037 699 1252 777 μανίης
1295 695 1392 758 ἐπὶ
1438 690 1512 774 δὴ
1556 692 1765 772 τόσον,
1814 687 1945 756 ὥστ’
1994 686 2309 776 ἀγορεῦσαι

758 794 948 878 πηλὸν
983 792 1328 877 Ὀδυσσείην
1374 797 1476 860 καὶ
1520 793 1708 858 πάτον
1743 787 1987 859 Ἰλιάδα.

671 894 875 984 τοιγὰρ
920 894 1040 963 ὑπὸ
1086 903 1384 980 ζοφίαισιν
1419 890 1723 979 Ἐρινύσιν
1766 889 2025 978 ἆμμέσον
2069 883 2253 976 ἧπται
2308 961 2315 966 ,

716 1065 723 1072 ,
757 1005 1080 1081 Κωκυτοῦ,
1126 1004 1313 1088 κλοιῷ
1360 995 1574 1081 λαιμὸν
1616 994 2041 1082 ἆπαγχόμενος.

460 1145 537 1203 Ι11
585 1143 798 1202 codice
829 1144 1116 1202 Palatino
1157 1142 1275 1202 hoc
1318 1142 1539 1201 lemma
1584 1139 1955 1220 adscriptum
2002 1148 2123 1199 est:
2170 1134 2410 1218 ἐρυκίου
2440 1136 2523 1210 εἰς
2546 1160 2727 1218 παρ-

459 1275 670 1336 θένιον
735 1267 838 1336 τὸν
904 1273 1147 1352 φωκαέα
1201 1266 1304 1334 τὸν
1370 1230 1454 1348 εἷς
1514 1232 1591 1352 311
1654 1267 2116 1354 παροινήσαντα.
2220 1276 2299 1334 de
2358 1275 2721 1335 Parthenio

463 1381 728 1460 quodam
757 1380 1146 1468 Phocaeensi
1192 1379 1418 1438 saeculi
1467 1380 1666 1458 quarti
1712 1380 2013 1459 scriptore
2056 1363 2299 1439 constat
2330 1399 2363 1438 e
2398 1377 2721 1456 Stephani

459 1483 730 1561 Byzanti
785 1483 937 1540 locis
993 1481 1160 1540 haud
1217 1483 1450 1560 paucis,
1518 1481 1593 1540 cf.
1651 1481 1934 1540 Meineki
1993 1482 2179 1540 anall.
2224 1480 2407 1540 Alex.
2466 1500 2527 1558 p.
2576 1488 2716 1541 265.

463 1585 619 1642 alter
647 1583 1018 1642 Parthenius
1050 1584 1320 1662 Dionysi
1351 1583 1609 1642 Thracis
1657 1582 1990 1661 discipulus
2035 1590 2401 1642 memoratur
2439 1603 2476 1640 a
2507 1579 2720 1641 Suida

460 1706 508 1744 s,
541 1705 602 1744 v.
635 1679 954 1754 Διονύσιος
979 1673 1396 1758 Ἀλεξανδρεύς
1430 1693 1491 1743 et
1536 1685 1783 1763 saepius
1818 1683 1894 1742 ab
1926 1683 2274 1743 Athenaeo,
2310 1683 2388 1742 cf.
2419 1683 2713 1742 Meinek.

459 1788 501 1846 l.
551 1807 600 1846 c.
659 1808 720 1866 p.
767 1794 890 1850 293.
980 1795 1168 1866 atque
1225 1786 1390 1844 hunc
1443 1764 1699 1845 Homeri
1754 1787 1944 1846 fuisse
2005 1785 2474 1844 obtrectatorem
2530 1785 2717 1843 illum

461 1889 787 1949 arbitratur
831 1887 1156 1947 Iakobsius
1215 1886 1529 1945 animadv.
1574 1888 1641 1944 in
1687 1888 1855 1947 anth.
1906 1888 2014 1948 Gr.
2061 1887 2163 1946 III
2206 1893 2241 1947 3
2286 1907 2348 1964 p.
2395 1895 2520 1958 981,
2600 1888 2718 1966 qui

459 1991 844 2068 persuasisse
918 1988 1165 2046 videtur
1219 1987 1538 2047 Meinekio
1597 1989 1636 2047 l.
1685 2009 1735 2048 c.
1795 2011 1857 2068 p.
1904 1997 2029 2051 264.
2089 1988 2168 2047 cf.
2224 1987 2715 2066 Bernhardyum

461 2112 550 2170 gr.
597 2091 745 2150 Litt.
792 2091 861 2149 II
911 2086 965 2152 1²
1010 2110 1071 2168 p.
1119 2100 1243 2151 500.
1318 2098 1380 2148 at
1423 2090 1589 2149 hunc
1631 2109 1781 2151 vero
1827 2099 2065 2150 tantum
2106 2089 2289 2149 modo
2336 2109 2715 2166 gramma-

461 2194 694 2253 ticum
739 2192 1050 2264 novimus,
1113 2200 1328 2251 contra
1384 2201 1634 2270 poetam
1680 2213 1807 2252 non
1854 2194 1976 2252 nisi
2021 2193 2363 2251 Nicaenum
2408 2199 2714 2264 nostrum,

463 2296 896 2372 elegiacum
950 2294 1290 2353 inlustrem.
1379 2293 1620 2378 accedit
1678 2293 1873 2372 quod,
1931 2303 1999 2354 ut
2052 2295 2339 2352 lemmate
2395 2293 2502 2350 illo
2559 2292 2716 2350 fisus

462 2398 720 2456 alterum
763 2396 1165 2455 Parthenium
1213 2395 1537 2453 eundem
1589 2395 2182 2454 Phocaeensem
2240 2395 2519 2454 extitisse
2575 2414 2717 2453 cre-

466 2487 635 2570 dam,
708 2499 814 2555 vix
883 2496 1170 2556 adducor.
1270 2515 1350 2554 ne
1395 2496 1625 2568 multa,
1708 2497 2072 2556 confusione
2138 2496 2349 2556 librari
2412 2487 2717 2564 Φωκαεύς

467 2599 586 2656 dici
651 2599 896 2658 videtur
962 2618 1072 2676 pro
1141 2589 1438 2670 Νικαεύς,
1512 2597 1677 2676 quod
1751 2599 1899 2657 item
1965 2599 2191 2657 factum
2259 2596 2423 2676 apud
2485 2596 2714 2675 Steph.

351 2769 359 2774 ,
462 2701 616 2779 Byz.
671 2721 740 2780 p.
797 2707 898 2762 705
959 2719 1009 2758 S.
1067 2719 1127 2759 v.
1176 2689 1442 2776 Ὢκγενος.
1532 2699 1607 2758 cf.
1661 2698 1939 2758 Meineki
1985 2699 2172 2758 anall.
2233 2698 2415 2758 Alex.
2478 2719 2538 2776 p.
2578 2704 2709 2759 264.

465 2822 537 2860 ac
580 2802 794 2874 video,
856 2820 952 2858 me
998 2821 1125 2859 non
1180 2801 1439 2879 primum
1484 2803 1571 2860 ita
1632 2809 1931 2874 statuere,
1992 2800 2103 2860 sed
2163 2801 2535 2860 sententiam
2580 2820 2713 2858 am-

466 2904 654 2982 plecti
685 2902 933 2961 Fabrici
975 2901 1122 2960 bibl.
1158 2902 1265 2962 Grr.
1301 2902 1399 2962 ed.
1426 2904 1603 2961 Harl.
1629 2904 1722 2962 IV
1755 2923 1816 2981 p.
1843 2900 1963 2965 309.
1999 2903 2077 2962 cf.
2112 2903 2296 2961 etiam
2326 2901 2715 2960 Brunckium

465 3004 650 3063 anall.
683 3004 786 3062 III
816 3024 878 3080 p.
915 3011 1030 3064 198.
1079 3001 1369 3062 videntur
1415 3011 1618 3062 autem
1662 3005 1843 3062 aliter
1886 3005 2169 3064 statuisse
2202 3005 2547 3064 recentiore
2578 3021 2710 3060 me-

464 3105 658 3163 moria
702 3125 829 3162 non
889 3104 1009 3162 alia
1067 3123 1280 3162 caussa
1338 3105 1649 3178 commoti,
1700 3125 1890 3184 *quam
1951 3105 2219 3185 quadam
2276 3125 2423 3182 erga
2466 3103 2707 3180 Vergili

465 3214 932 3286 praeceptorem
977 3205 1387 3269 observantia.
1450 3207 1545 3264 cui
1590 3206 1831 3266 nullum
1872 3207 1989 3267 hac
2031 3209 2095 3268 in
2141 3227 2209 3266 re
2255 3207 2475 3266 iustum
2504 3206 2709 3265 locum

470 3329 636 3382 esse,
684 3317 827 3388 post
873 3328 947 3366 ea
995 3327 1153 3388 quae
1201 3307 1464 3368 disserui
1508 3293 1657 3368 satis
1686 3309 1921 3388 liquet.

637 3427 812 3504 Quae
866 3428 1052 3506 igitur
1096 3449 1135 3486 a
1187 3428 1274 3487 rei
1335 3436 1553 3487 natura
1609 3426 2148 3488 commendabatur
2204 3428 2490 3507 suspitio,
2555 3429 2710 3486 Par-

464 3530 742 3588 thenium
795 3528 970 3587 illum
1029 3528 1104 3588 ab
1150 3518 1377 3609 Erycio
1442 3530 1805 3608 castigatum
1860 3551 1988 3588 non
2054 3529 2279 3588 iudicio
2334 3549 2510 3588 usum
2570 3549 2713 3588 esse

466 3651 715 3710 prorsus
771 3629 1074 3703 solitario,
1145 3629 1259 3689 sed
1328 3630 1713 3709 superiorem
1770 3632 2041 3711 aliquam
2108 3631 2525 3693 auctoritatem
2584 3651 2711 3690 am-

466 3735 716 3812 plexum
763 3751 927 3804 esse,
992 3751 1064 3790 ea
1118 3731 1296 3790 huius
1354 3730 1805 3811 disquisitionis
1865 3733 2281 3813 perpetuitate
2327 3731 2599 3792 stabilita
2648 3743 2715 3792 et

469 3834 547 3893 ad
592 3835 776 3892 finem
819 3833 1020 3892 multis
1065 3833 1261 3892 modis
1307 3832 1631 3912 probatum
1675 3835 1973 3913 perducta
2000 3835 2164 3894 hunc
2196 3842 2319 3908 est,
2368 3833 2711 3894 111011111-

466 3936 710 3994 machi
755 3943 963 4014 partes
993 3935 1111 3993 hac
1146 3935 1212 3992 in
1241 3954 1309 3993 re
1353 3930 1622 3994 valuisse
1667 3935 2026 4010 videantur,
2074 3937 2195 4000 nisi
2228 3935 2392 4015 quod
2425 3936 2709 3996 fortassis

466 4038 625 4095 ultra
678 4038 844 4096 hunc
913 4037 1286 4096 Parthenius
1356 4045 1623 4097 sectator
1692 4047 1983 4116 evagatus
2044 4046 2165 4112 est,
2242 4037 2408 4117 quod
2465 4046 2716 4097 constat

469 4138 828 4216 plerumque
871 4158 985 4198 usu
1028 4139 1264 4198 venire.

635 4254 1087 4331 Attingendum
1132 4265 1296 4315 certe
1351 4257 1471 4316 hoc
1527 4259 1661 4318 loco
1712 4225 2315 4318 Ga'llimacheum
2360 4257 2712 4319 brevita-
