2917 4992
199 492 540 575 τοξευκότα
581 499 669 582 τῷ
706 492 908 558 κάλλει
951 498 1092 575 μιᾶς
1133 485 1384 570 ἀκίδος
1428 492 1797 576 ἐρωτικῆς
1841 497 2215 576 πειραθῆναί
2239 520 2381 560 ποτε

197 602 270 662 καὶ
307 603 515 681 γνῶναι
555 600 793 676 σαφῶς,
839 592 939 658 οἷα
981 592 1364 658 πεπόνθασιν
1406 597 1475 658 οἰ
1510 587 1590 658 δι’
1638 589 1821 659 αὐτὸν
1865 599 2235 678 τραυματίαι.
2309 602 2377 662 in

196 707 266 765 his
303 704 440 764 duos
480 704 627 762 mihi
670 702 894 762 videor
940 702 1302 763 Callimachi
1345 719 1589 762 sensus‘
1622 702 1791 762 haud
1834 723 2023 781 aegre
2071 704 2379 784 dispicere

197 807 284 866 etsi
321 806 389 864 ab
430 805 824 864 Aristaeneto
869 823 1076 882 paene
1125 804 1505 865 extinctione
1547 813 1729 864 tenus
1776 804 2150 865 obscuratos.
2238 825 2381 886 nam

195 909 404 987 primum
447 907 691 984 conligo
741 925 774 964 e
805 905 1012 966 verbis
1057 895 1431 977 τετοξευκότα
1478 913 1541 966 et
1582 904 1723 982 μιᾶς
1766 893 1976 976 ἀκίδος
2018 915 2086 965 ut
2128 907 2195 967 in
2243 925 2380 966 eam

82 1043 84 1046 >
194 1001 518 1070 sententiam
563 1007 836 1082 adscitis,
884 1015 1135 1087 poetam
1167 1027 1200 1067 e
1231 1028 1400 1069 more
1446 1027 1557 1068 sno
1587 1008 1653 1067 in
1688 1007 2062 1086 explicando
2094 1005 2382 1068 Aconti

82 1175 84 1180 ,
193 1112 394 1170 nomine
434 1110 656 1170 lusisse
701 1111 818 1184 ita,
863 1118 933 1168 ut
975 1109 1148 1168 illum
1193 1109 1436 1169 diceret
1475 1128 1687 1168 omnes
1734 1109 1965 1168 formae
2008 1128 2156 1168 suae
2186 1109 2379 1169 veluti

193 1213 400 1272 stimulis
441 1203 764 1269 ἀκοντίσαι.
825 1232 948 1292 qua
993 1211 1072 1271 de
1117 1210 1571 1272 consuetudine
1617 1230 1751 1270 cum
1794 1211 1951 1271 nihil
1997 1211 2141 1271 dum
2170 1211 2377 1271 obser-

191 1324 354 1374 vatum
393 1315 636 1374 videam
679 1314 893 1392 paucis
941 1314 1058 1372 erit
1103 1312 1565 1392 exponendum.
1624 1314 1853 1372 etenim
1896 1314 1949 1372 is
1996 1313 2163 1372 cuius
2208 1313 2379 1371 illam

193 1424 294 1474 erat
333 1415 650 1476 observare
700 1422 764 1474 et
817 1413 1218 1494 comprobare
1241 1459 1256 1489 ,
1303 1414 1633 1475 Lerschius
1679 1414 1745 1474 in
1791 1414 1945 1474 libro
1992 1418 2078 1472 die
2124 1416 2377 1489 Sprach-

185 1519 474 1590 philosophie
517 1520 623 1574 der
651 1520 810 1575 Alten
853 1517 965 1575 ΙΙΙ
992 1535 1055 1589 p.
1092 1521 1130 1572 3
1156 1533 1296 1590 sqq„
1342 1534 1661 1594 perpauca
1691 1516 1865 1575 istius
1897 1514 2063 1574 modi
2108 1516 2379 1575 inveniri

193 1626 456 1676 asseverat
515 1616 605 1696 (p.
671 1614 757 1693 10)
817 1617 881 1674 in
939 1624 1260 1696 poetarum
1316 1615 1883 1676 Alexandrinorum
1944 1617 2252 1696 reliquiis,
2319 1625 2380 1676 et

190 1719 339 1797 ipsius
382 1717 632 1800 quidem
681 1719 1041 1779 Callimachi
1089 1716 1239 1776 duos
1277 1717 1523 1797 profert
1565 1717 1765 1791 locos,
1812 1718 1877 1776 in
1921 1717 2109 1778 Dian.
2151 1728 2246 1781 198
2281 1738 2376 1797 sq.

80 1859 82 1892 :
190 1828 234 1878 et
265 1821 318 1879 in
359 1822 494 1880 Del.
545 1827 632 1894 39,
679 1841 761 1880 ne
805 1819 1068 1879 idoneos
1115 1819 1253 1879 illos
1301 1817 1551 1900 quidem
1595 1817 1944 1878 admodum.

317 1941 550 2019 Nempe
597 1941 761 1998 enim
799 1939 1054 2011 Graeci,
1103 1937 1320 2017 quibus
1365 1937 1627 1997 inditum
1670 1938 1815 2011 fuit,
1860 1947 1929 1997 ut
1972 1937 2183 1998 subtili
2229 1959 2375 2018 qua-

189 2040 256 2098 vis
291 2049 409 2100 arte
451 2061 658 2101 rerum
704 2041 1080 2119 cogitatione
1135 2040 1239 2099 vel
1291 2040 1452 2098 inter
1513 2059 1580 2098 se
1638 2037 2091 2117 iungendarum
2150 2041 2254 2099 vel
2302 2059 2379 2098 ex

189 2160 236 2199 se
282 2143 536 2202 vicissim
604 2140 1113 2220 explicandarum
1177 2141 1425 2200 mirifice
1495 2138 1981 2214 delectarentur,
2050 2141 2155 2198 vel
2210 2142 2380 2199 nulla

188 2243 412 2302 veritatis
455 2243 702 2302 ratione
746 2241 986 2314 habita,
1036 2241 1201 2300 omni
1247 2249 1452 2300 aetate
1500 2241 1951 2301 commenticias
1994 2241 2153 2300 tales
2187 2242 2377 2299 nomi-

187 2363 296 2401 num
343 2343 787 2422 originationes
843 2341 1030 2401 valde
1089 2343 1585 2422 frequentarunt.
1677 2363 1828 2424 quas
1888 2351 2215 2422 postquam
2257 2342 2381 2401 iam

185 2445 436 2504 Homerus
483 2444 792 2517 exercuit,
841 2443 946 2523 qui
992 2443 1321 2503 Protesilai
1370 2445 1418 2502 Β
1464 2451 1569 2506 702
1596 2439 1663 2522 ¹),
1711 2445 2114 2524 Astyanactis
2160 2445 2209 2500 Z
2252 2452 2377 2516 403,

183 2545 456 2624 Alcyonae
513 2547 555 2603 Ι
609 2553 739 2618 561,
811 2543 1082 2623 Odyssei
1141 2563 1169 2601 ι·
1223 2551 1324 2604 407
1383 2546 1635 2604 nomina
1657 2540 1707 2623 ²)
1774 2564 1851 2604 ex
1906 2546 2179 2625 ipsorum
2236 2545 2378 2603 vitis

185 2647 434 2724 explicat,
497 2646 671 2706 idem
716 2645 1016 2724 deinceps
1061 2646 1286 2705 cultum
1333 2653 1426 2704 est
1472 2645 1739 2705 studium
1785 2666 1822 2703 a
1866 2647 2067 2724 poetis
2113 2645 2376 2704 maxime

184 2747 334 2824 epicis
379 2749 480 2827 (cf.
527 2747 816 2806 Huschki
862 2747 1051 2807 anall.
1098 2747 1284 2806 litter.
1333 2767 1392 2825 Ρ.
1432 2743 1562 2824 331)
1611 2766 1683 2804 ac
1727 2747 1976 2823 tragicis
2026 2746 2131 2827 (cf.
2177 2747 2377 2805 Elms-

183 2847 326 2906 leium
367 2850 443 2908 ad
489 2849 709 2928 Eurip.
754 2849 979 2908 Bacch.
1013 2845 1165 2924 508),
1215 2849 1443 2927 passim
1490 2848 1674 2907 etiam
1718 2847 1931 2927 lyricis
1980 2845 2089 2925 (cf.
2123 2848 2377 2908 Schnei-

185 2947 442 3008 dewinum
487 2947 571 3008 ad
620 2948 794 3030 Ibyc.
841 2971 904 3028 p.
956 2957 1054 3010 144
1096 2947 1288 3030 sqq.).
1378 2969 1450 3007 ac
1507 2969 1587 3008 ne
1644 2950 1921 3009 historici
1980 2949 2230 3030 quidem
2282 2949 2379 3009 his

76 3075 78 3084 ·
182 3047 564 3110 abstinuerunt
608 3049 862 3109 lusibus.
936 3050 1318 3110 solertissimi
1363 3069 1512 3109 vero
1559 3051 1731 3110 fuere
1775 3051 1841 3110 in
1890 3053 1978 3110 eis
2027 3052 2377 3128 excogitan-

183 3148 250 3208 dis
296 3152 758 3232 prodendisque
817 3152 1226 3230 grammatici,
1296 3153 1543 3212 tametsi
1598 3153 1739 3210 sciri
1798 3153 2044 3233 nequit,
2111 3161 2260 3230 quot
2315 3152 2378 3210 hi

279 3403 316 3470 ¹)
351 3405 435 3457 cf.
471 3406 584 3470 frg.
621 3401 922 3454 Protesilai
947 3403 1281 3468 Euripideae
1323 3401 1468 3467 apud
1492 3401 1705 3454 Nauck.
1732 3402 1879 3469 frgg.
1906 3408 2048 3468 trag.
2074 3420 2126 3469 p.
2150 3404 2251 3455 443
2278 3419 2377 3468 sq„

181 3485 346 3551 Hygini
379 3490 494 3542 fab.
537 3491 658 3552 103,
697 3487 848 3540 anth.
885 3487 945 3538 P.
982 3487 1090 3539 VII
1126 3487 1244 3538 385.

277 3589 314 3652 ²)
348 3590 546 3642 Procul
597 3590 744 3639 enim
778 3587 1040 3640 habenda
1076 3593 1203 3638 sunt
1239 3593 1505 3653 quotquot
1554 3589 2143 3654 sig-nominationis
2180 3587 2377 3652 (παρο-

181 3672 436 3740 νομασίας)
475 3673 738 3739 exempla
776 3679 966 3724 extant
989 3674 1310 3725 Homerica.
1381 3689 1608 3738 quorum
1638 3691 1666 3722 e
1704 3690 1928 3725 numero
1963 3673 2105 3725 haec
2142 3678 2294 3723 sunt:
2333 3675 2376 3723 B

181 3756 250 3804 758
285 3757 386 3808 τῶν
429 3753 540 3824 μὲν
579 3749 852 3823 Πρόθοος
889 3754 1034 3814 θοὸς
1079 3749 1458 3823 ἡγεμόνευεν,
1507 3758 1602 3807 ubi
1640 3774 1690 3809 v.
1726 3757 1969 3820 scholia,
2013 3757 2073 3806 H
2102 3759 2203 3807 220
2249 3745 2283 3807 ὅ
2319 3751 2379 3806 οἷ

184 3837 350 3903 Τυχίος
383 3838 534 3907 κάμε
569 3835 803 3906 τεύχων,
841 3841 890 3892 θ’
911 3843 1013 3892 493
1048 3834 1150 3892 τὸν
1180 3832 1402 3900 Ἐπειὸς
1438 3833 1709 3905 ἐποίησεν
1733 3835 1839 3891 σὺν
1870 3831 2108 3905 Ἀθήνῃ,
2147 3840 2237 3890 cll.
2266 3843 2374 3890 Eu—

181 3924 309 3976 stath.
347 3944 394 3992 p.
435 3929 556 3989 125,
584 3929 674 3976 29.
733 3931 1042 3992 congruunt
1079 3926 1222 3976 enim
1258 3926 1497 3976 hiscum:
1536 3927 1579 3976 B
1608 3928 1702 3977 131
1741 3929 1799 3976 et
1835 3925 1870 3973 I
1888 3925 1989 3974 544
2022 3917 2277 3974 πολλέων
2314 3917 2377 3975 ἐκ

76 4051 78 4070 ς
179 4006 363 4072 πολίων,
400 4011 449 4062 θ’
482 4011 586 4061 481
627 4007 830 4074 φίλησε
873 4003 938 4060 δὲ
975 4009 1163 4074 φῦλον
1196 4000 1436 4062 οἷοιδαῖν.
1499 4007 1797 4074 Sophocles
1834 4007 1969 4058 Oed.
1994 4023 2039 4056 r.
2067 4009 2166 4058 397
2206 3999 2236 4057 ὃ
2272 4025 2377 4074 μη-

179 4081 253 4139 δὲν
283 4087 440 4154 εἰδώς
468 4087 778 4152 Οἰδίπους.
842 4094 1062 4146 Gallim.
1099 4096 1157 4144 in
1193 4097 1355 4146 Dian.
1383 4096 1485 4145 204
1515 4080 1670 4144 Οὖπι
1705 4081 1916 4141 ἄνασσ’
1950 4083 2149 4155 εΰῶπι,
2188 4093 2279 4144 cll.
2315 4094 2374 4143 in

177 4171 269 4225 Del.
301 4180 396 4229 325
441 4172 597 4243 ἴστίη
635 4164 680 4227 αἶ
717 4173 904 4242 νήσων
949 4170 1180 4232 miscus.
1251 4197 1356 4232 nec
1403 4180 1582 4229 minus
1629 4193 1696 4228 ea
1740 4176 2093 4243 segreganda
2138 4180 2378 4243 nomina,

179 4271 286 4319 quae
318 4264 584 4313 Lehrsius
622 4263 849 4312 denotat
884 4263 1052 4316 Arist.
1089 4281 1142 4330 p.
1181 4267 1280 4315 274
1317 4279 1569 4329 quaeque
1602 4262 1690 4314 his
1726 4265 1855 4314 sunt
1890 4259 2104 4314 affinia.
