2917 4992
181 500 336 558 huie
388 500 556 558 enim
611 505 968 566 consuetum
1012 496 1270 555 Homeri
1295 492 1350 573 ¹)
1397 496 1779 575 aliorumque
1823 503 2143 574 poetarum
2189 495 2428 556 doctam

181 602 534 660 immiscere
578 598 952 659 memoriam.
1008 597 1202 678 idque
1232 596 1403 656 haud
1447 597 1607 675 fugit
1634 597 2014 657 Passowium
2046 596 2125 656 de
2155 597 2428 656 Aristae-

183 711 342 762 neto
389 702 810 782 disputantem
853 719 1044 759 verm.
1089 699 1263 760 Schr.
1307 720 1371 779 p.
1413 705 1514 762 96:
1566 700 2037 772 Dichtersloskeln
2079 717 2182 756 aus
2224 702 2425 757 Home-

181 822 314 874 νοε,
380 806 443 860 H
449 809 554 862 esi
564 807 757 873 od03‚
817 803 1048 876 Sappho
1101 804 1219 858 und
1259 804 1576 876 Apollonios
1618 819 1719 859 von
1764 803 1989 858 Rhodos
2042 803 2257 858 mochte
2300 820 2427 858 man

183 907 356 962 mehr
395 909 514 962 dem
546 906 856 962 Bestreben
895 905 1044 960 nach
1073 905 1228 974 Zier‚
1275 906 1361 960 als
1388 905 1495 960 der
1524 903 2119 977 Nachahmunyssucht
2150 905 2431 959 susc-hrei-

182 1009 315 1064 ben.
415 1025 626 1064 verum
682 1006 770 1063 ita
813 1024 940 1063 non
998 1003 1290 1062 continuo
1353 1010 1553 1066 aetum
1614 1011 1707 1062 est
1746 999 1845 1062 ‘de
1900 1004 2215 1062 sententia
2268 1005 2424 1082 ipsa,

187 1105 401 1186 quade
446 1125 610 1165 nune
653 1105 1013 1164 videndum.
1103 1106 1169 1163 in
1217 1103 1549 1184 Cydippae
1596 1105 1760 1162 enim
1806 1103 1999 1164 oeulis
2041 1125 2173 1163 eum
2221 1103 2426 1163 decies

186 1209 399 1267 denae
459 1207 713 1268 Gratiae
771 1207 1032 1266 saltasse
1095 1205 1404 1280 dieantur,
1459 1205 1602 1264 huie
1658 1207 1869 1266 sensui
1925 1207 2209 1285 apposite
2268 1226 2427 1282 eom-

187 1317 574 1388 paraverunt
614 1309 856 1368 Musaei
903 1307 982 1368 de
1025 1309 1179 1368 Her.
1223 1326 1285 1368 V.
1330 1315 1400 1370 63
1442 1327 1581 1388 sqq.

1476 1440 1545 1500 οἰ
1580 1438 1645 1502 δὲ
1687 1439 1929 1502 παλαιοὶ

403 1549 560 1623 τρεῖς
602 1537 868 1623 Χάριτας
911 1537 1214 1621 ψεύσοιντο
1257 1540 1620 1620 πεφυκέναι·
1666 1537 1753 1614 εἷς
1798 1542 1861 1603 δέ
1900 1565 1989 1615 τις
2023 1536 2245 1622 Ἡροῦς

407 1636 726 1722 ὀφθαλμὸς
767 1643 990 1724 γελόων
1034 1635 1246 1706 ἑκατὸν
1291 1644 1606 1724 Χαρίτεσσι
1648 1638 1909 1719 τεθήλει.

189 1824 251 1874 et
299 1835 438 1874 cum
480 1815 797 1875 Musaeum
842 1815 918 1874 ab
961 1815 1364 1876 Aristaeneto
1407 1814 1576 1875 haud
1622 1814 1814 1874 semel
1858 1813 2247 1894 compilatum
2293 1835 2428 1873 esse

187 1924 585 1995 perspectum
629 1916 928 1976 habeatur
973 1915 1079 1995 (cf.
1111 1917 1585 1976 Boissonadium
1630 1917 1710 1976 ad
1746 1918 1778 1976 I
1813 1928 1875 1978 15
1919 1937 1982 1995 p.
2014 1913 2165 1994 455),
2211 1926 2430 1996 parata

190 2026 286 2076 est
332 2007 624 2096 suspitio,
669 2037 1040 2097 purpureum
1085 2018 1248 2077 hune
1291 2039 1567 2097 pannum
1599 2039 1632 2076 e
1663 2019 1919 2077 Musaeo
1969 2039 2106 2078 esse
2151 2020 2427 2098 petitum.

192 2129 254 2178 et
300 2139 458 2187 vero,
496 2139 817 2198 possumus
862 2128 1026 2178 retro
1070 2118 1320 2198 regredi
1364 2120 1526 2180 ultra
1564 2121 1903 2178 Musaeum.
1978 2140 2121 2179 nam
2164 2121 2427 2179 Nonnus

191 2222 384 2279 Dion.
429 2221 724 2282 XXXIV
766 2229 836 2284 36
878 2241 1018 2300 sqq.

1514 2310 1591 2393 ὦς
1633 2318 1742 2400 μὲν
1780 2313 2013 2398 ἀκούω,

541 2427 696 2502 τρεῖς
739 2413 996 2501 Χάριτες
1037 2417 1285 2502 γεγάασι
1328 2421 1614 2502 χορίτιδες
1654 2413 2024 2501 Ὀρχομενοῖο

541 2515 864 2600 ἀμφίπολοι
913 2522 1194 2601 Φοίβοιο,
1237 2522 1619 2603 χοροπλεκέος
1663 2522 1727 2584 δὲ
1768 2525 2008 2585 Λυαίου

543 2623 653 2683 εἰσὶ
695 2624 1048 2705 τριηκοσίων
1092 2625 1370 2702 Χαρίτων
1412 2625 1635 2702 στίχες,
1681 2609 1764 2684 ὧν
1806 2625 1911 2700 μία
1952 2617 2147 2702 μούνη

541 2721 787 2788 πασάων
830 2725 1209 2809 προφέρουσα
1253 2728 1556 2804 φαείνεται
1602 2748 1654 2787 e.
1704 2748 1763 2806 q.
1806 2748 1856 2786 s.

197 2917 359 2976 quae
405 2895 692 2956 Musaeus
736 2899 950 2957 Nonni
1011 2897 1515 2976 diligentissimus
1572 2897 1864 2971 imitator,
1928 2897 2191 2956 fortasse
2250 2896 2430 2957 disei-

198 2999 409 3077 pulus,
456 3000 784 3058 manifesto
829 3008 1134 3059 mutuatus
1182 3007 1294 3059 est.
1355 3001 1492 3079 ipse
1532 3017 1682 3058 vero
1728 2999 1992 3059 Nonnus
2036 2998 2141 3057 ubi
2186 3001 2430 3078 quaeris

199 3099 366 3158 unde
424 3100 688 3159 nitidam
745 3102 1117 3160 sententiam
1173 3101 1559 3160 transtulerit
1608 3133 1680 3143 —
1728 3101 1848 3158 iam
1905 3101 2069 3159 enim
2124 3102 2240 3159 toti
2292 3120 2428 3159 ver-

204 3219 404 3259 samur
455 3202 621 3260 inter
674 3201 976 3281 loquendi
1028 3221 1326 3261 venerum
1380 3210 1710 3261 venatores
1754 3185 2198 3280 impigerrimos
2245 3209 2429 3280 atque

208 3302 648 3380 elegantiorum
692 3323 981 3362 sensuum
1025 3303 1316 3363 furieulos
1355 3302 1745 3362 avidissimos
1780 3335 1855 3344 --
1890 3303 2071 3361 facile
2104 3321 2176 3360 eo
2207 3301 2429 3361 dueare

206 3404 556 3483 suspitionis
574 3449 590 3478 ,
634 3412 704 3462 ut
733 3405 990 3483 primum
1017 3405 1196 3465 huius
1232 3404 1478 3463 luminis
1521 3405 1908 3462 inventorem
1937 3403 2433 3464 Alexandrinum

209 3505 468 3585 aliquem
520 3514 771 3585 poetam
841 3507 1031 3566 fuisse
1077 3515 1329 3566 statuas.
1420 3505 1650 3564 etenim
1705 3524 1784 3563 ne
1840 3506 1907 3563 in
1949 3505 2242 3580 Stratone
2301 3508 2430 3586 qui-

209 3603 346 3664 dem
387 3606 654 3666 eundem
697 3627 946 3667 sensum
989 3607 1330 3667 adhibente
1375 3607 1546 3665 anth.
1592 3606 1664 3665 P.
1710 3607 1846 3667 XII
1896 3618 2020 3682 181,
2070 3610 2174 3688 qui
2217 3609 2431 3668 Nonni

208 3709 397 3785 possit
440 3715 655 3768 auctor
696 3707 942 3782 haberi,
991 3708 1506 3788 acquiescendum
1552 3706 1742 3786 est²):

340 3927 379 3990 1)
419 3927 505 3978 cf.
540 3927 819 3977 Aristaen.
858 3928 885 3976 1
923 3929 950 3976 1
987 3944 1041 3993 p.
1081 3927 1133 3991 5,
1169 3929 1200 3976 2
1237 3944 1291 3992 p.
1329 3929 1378 3992 9,
1417 3931 1449 3978 3
1485 3945 1538 3993 p.
1578 3930 1658 3990 13,
1700 3929 1765 3976 12
1797 3943 1850 3992 p.
1889 3928 1977 3980 58.

337 4026 379 4091 2)
415 4029 656 4079 Luciani
690 4027 1040 4093 Aleiphronis
1065 4028 1270 4078 Libani
1307 4029 1516 4079 similes
1547 4028 1939 4090 sententiolae,
1976 4043 2112 4092 quas
2137 4027 2431 4080 Iakobsius

207 4111 480 4163 animadv.
521 4112 593 4162 ad
631 4111 781 4161 anth.
819 4117 948 4162 tom.
983 4113 1033 4161 X
1069 4130 1121 4178 p.
1161 4116 1223 4162 71
1263 4117 1677 4175 commemorat,
1701 4113 1802 4162 ‘ab
1836 4113 2178 4162 Aristaeneti
2214 4114 2434 4165 Musaei

203 4195 388 4246 Nonni
430 4197 706 4248 Stratonis
749 4197 834 4247 ita
877 4196 1222 4262 discrepant,
1277 4201 1338 4248 ut
1391 4213 1463 4248 ex
1504 4197 1711 4248 talibus
1763 4199 2199 4264 exaggeratione
2250 4201 2432 4251 auctis

205 4280 610 4346 cumulatisque
645 4290 782 4333 nata
816 4281 1108 4333 videantur
1143 4280 1257 4332 illa.
