2917 4992
1061 397 1483 461 -99—

167 569 556 650 prudentiore
602 579 890 648 ageretur
933 571 1263 649 scriptore,
1322 571 1667 631 conicerem
1724 567 1857 648 ἐμοί
1898 573 2263 649 delendum,
2324 585 2391 636 ut

167 673 236 731 ad
279 664 600 748 σύμψηφοι
643 670 1074 733 subaudiretur
1117 662 1296 754 αὐτῷ.

319 790 559 870 Quibus
607 790 883 871 denique
939 791 1375 851 Aristaenetus
1419 793 1606 851 finem
1663 793 1810 853 facit
1865 797 2265 870 narrationiS,
2324 797 2390 855 in

167 894 244 952 eis
291 895 357 951 ni
399 893 584 952 fallor
627 892 856 953 iudicio
904 893 1051 952 satis
1098 893 1230 952 fere
1273 891 1543 953 fideliter
1587 903 1775 973 atque
1823 896 2213 957 continenter
2245 899 2389 976 egit.

167 995 236 1053 ad
277 995 550 1054 fabulam
594 1002 744 1073 apta
789 995 994 1054 omnia
1039 1015 1246 1074 neque
1281 995 1607 1076 quicquam
1640 995 2011 1058 Callimacho
2043 999 2389 1076 indignum.

166 1097 402 1155 strictae
449 1105 654 1154 tamen
701 1097 1096 1175 paraphrasis
1139 1097 1294 1156 fines
1340 1098 1644 1157 nonnulla
1700 1099 2109 1173 excesserint,
2172 1100 2391 1180 quibus

164 1197 358 1256 rhetor
419 1217 640 1275 urgere
693 1196 983 1258 videatur
1037 1199 1318 1258 acumina
1376 1198 1810 1260 Callimachea.
1900 1201 1954 1259 si
2000 1200 2251 1281 quidem
2293 1203 2390 1264 his

162 1307 498 1376 poteramus
556 1317 768 1358 carere
821 1295 924 1356 καὶ
979 1295 1254 1376 παρέχειν
1308 1289 1374 1359 τὰ
1430 1300 1561 1376 φῶς
1614 1294 1746 1377 μετ’
1789 1289 2039 1372 εὐωδίας
2084 1311 2145 1362 et
2187 1302 2389 1361 τοσοῦ-

161 1419 252 1455 τον
293 1386 331 1474 ἡ
393 1389 572 1474 φύσις
616 1387 964 1478 ἁπανταχοῦ
1017 1389 1084 1458 τὸ
1142 1391 1412 1480 λαμπρὸν
1465 1389 1651 1477 αὐτῆς
1694 1397 2114 1480 ἕκορυφώσατο
2158 1401 2390 1476 κᾶλλος.

161 1501 340 1560 verba
387 1510 592 1562 autem
633 1492 819 1561 πάλαι
864 1500 1066 1561 τοίνυν
1112 1523 1168 1564 6.
1216 1524 1274 1583 q.
1321 1525 1371 1564 s.
1439 1506 1815 1564 sententiam
1859 1506 2395 1584 comprehendunt

163 1623 362 1662 earum
411 1605 777 1664 simillimam
831 1604 1110 1679 laudum,
1179 1625 1344 1685 quae
1401 1606 1941 1685 epithalamiis
1988 1607 2391 1667 contineban-

161 1714 267 1764 tur.
360 1707 442 1767 cf.
487 1707 751 1766 Theocr.
797 1707 1027 1768 XVIII
1069 1715 1138 1769 26
1181 1727 1320 1787 sqq.
1401 1787 1412 1792 ,

454 1816 669 1882 πότνια
713 1814 820 1896 νύξ
861 1811 961 1882 ἅτε
1006 1814 1219 1884 λευκὸν
1263 1821 1368 1904 ἔαρ
1413 1824 1697 1902 χειμῶνος
1740 1815 2019 1902 ἀνέντος,

448 1916 599 1997 'Aroe
641 1914 985 1986 ἆντέλλοισα
1029 1915 1217 1984 καλὸν
1263 1923 1535 2002 διέφαινε
1578 1919 1929 2006 πρόσωπον,

459 2011 572 2087 ὧδε
615 2024 717 2086 καὶ
763 2017 802 2086 ἆ
846 2024 1060 2107 χρυσέα
1095 2014 1304 2111 Ἑλένα
1350 2019 1684 2104 ὃιαφαίνετ’
1734 2025 1798 2088 ἔν
1841 2017 1987 2108 ἆμΐν
2015 2027 2084 2108 ¹).

157 2161 396 2223 Seneca
439 2164 603 2224 Med.
650 2172 720 2228 92
764 2184 902 2245 sqq.

640 2285 782 2340 haec
826 2301 950 2341 cum
990 2285 1232 2358 femineo
1275 2289 1524 2342 constitit
1564 2287 1621 2342 in
1666 2287 1836 2343 choro
1852 2331 1865 2356 ,

641 2389 806 2442 unius
844 2385 1028 2458 facies
1060 2390 1348 2459 praenitet
1391 2389 1657 2445 omnibus.

639 2489 720 2542 sic
761 2503 885 2542 cum
929 2490 1040 2545 sole
1075 2491 1229 2560 perit
1263 2491 1515 2545 sidereus
1558 2491 1757 2559 decor,

643 2593 696 2645 et
742 2590 900 2645 densi
939 2591 1164 2646 lalitant
1205 2591 1497 2647 Pleiadum
1537 2606 1760 2664 yreyeS,

637 2706 763 2747 cum
807 2691 1026 2748 Phoebe
1067 2692 1298 2748 solidum
1343 2693 1545 2748 lumine
1588 2709 1698 2748 non
1740 2707 1840 2747 suo

641 2793 828 2849 orbem
871 2795 1120 2849 &reicitis
1162 2794 1421 2871 cornibus
1466 2795 1631 2866 alliya
1639 2797 1677 2847 t.

153 2923 462 2984 Himerius
519 2933 672 2984 orat.
727 2927 762 2985 Ι
817 2937 914 2990 15:
988 2915 1021 2983 ὃ
1077 2921 1186 3003 μὲν
1239 2913 1472 3001 ἠιθέων
1531 2925 1783 3004 πρῶτος,
1850 2913 1888 3000 ἡ
1947 2923 2009 2986 δὲ
2067 2921 2131 2984 ἐν
2185 2919 2395 3005 κόραις

153 3021 556 3102 προκέκριται.
658 3027 826 3087 unde
895 3048 1111 3107 posses
1168 3029 1501 3108 suspicari,
1571 3026 2013 3088 Callimachum
2079 3030 2394 3090 nonnullis

154 3127 430 3188 versibus
463 3129 730 3209 aliquam
764 3130 1121 3208 epithalami
1150 3130 1482 3208 imaginem
1516 3129 1828 3189 effinxisse
1843 3125 1915 3207 ²),
1964 3131 2029 3189 ni
2070 3151 2108 3189 a
2135 3132 2393 3191 Deliaco

154 3231 504 3310 nuptiarum
550 3232 670 3291 ritu
712 3230 866 3291 illud
915 3233 1163 3292 omnino
1207 3231 1527 3291 videretur
1570 3231 1837 3290 alienum
1887 3231 2096 3291 fuisse.
2164 3231 2242 3290 ad
2291 3251 2393 3291 ex-

154 3339 410 3390 tremum
464 3352 593 3393 non
636 3331 890 3392 firmiter
936 3332 1224 3412 equidem
1267 3331 1507 3392 confido
1546 3333 1655 3390 illa
1683 3331 1909 3391 Aconti
1941 3331 2395 3413 Cydippae-,que

159 3453 288 3492 cum
351 3435 532 3494 astris
592 3435 1082 3514 comparatione,
1153 3454 1311 3514 quae
1375 3434 1585 3494 nescio
1650 3454 1769 3514 quo
1837 3433 2019 3494 modo
2086 3434 2396 3495 rhetorem

157 3535 321 3615 sapit
377 3535 576 3595 nitido
633 3538 842 3617 aliquo
889 3535 1121 3596 lumine
1170 3537 1398 3596 exitum
1445 3535 1751 3615 epistulae
1800 3535 2246 3598 decoraturum.
2315 3539 2393 3598 cf.

288 3756 334 3820 ¹)
382 3755 654 3820 Aequievi
691 3756 751 3806 in
785 3755 1218 3821 transpositione
1255 3769 1513 3805 versuum
1547 3756 1613 3804 26
1651 3758 1707 3804 et
1742 3757 1807 3805 27
1844 3753 2049 3804 nullam
2086 3760 2395 3805 ceterarum

159 3839 482 3891 adsciscens
519 3841 990 3906 coniecturarum,
1038 3839 1234 3904 quibus
1281 3840 1373 3889 hic
1408 3840 1565 3890 locus
1600 3843 1849 3889 tentatus
1888 3843 1972 3890 est
2005 3837 2097 3888 vel
2122 3840 2394 3904 improba-

159 3924 361 3974 bilibus
397 3925 488 3975 vel
522 3925 873 3990 per-incertis.
947 3925 1039 3987 qui
1073 3939 1208 3975 vero
1243 3924 1571 3974 novissimus
1619 3937 1739 3972 eum
1774 3923 2045 3972 tractavit
2079 3923 2395 3985 Koechlyus

157 4007 190 4060 l.
227 4025 277 4061 c.
318 4025 372 4074 p.
397 4010 498 4062 409
523 4025 658 4075 sqq„
697 4010 948 4060 Senecae
984 4023 1239 4060 versuum
1275 4025 1312 4059 a
1344 4009 1565 4058 nemine
1602 4007 1729 4056 dum
1766 4007 2111 4057 Theocriteis
2152 4007 2395 4057 admoto-

157 4108 271 4143 rum
334 4095 750 4158 comparatione
807 4109 961 4144 suam
1021 4095 1358 4144 sententiam
1413 4093 1619 4158 partim
1665 4090 1882 4140 firmare
1928 4093 2149 4154 poterat
2194 4089 2396 4156 partim

159 4167 472 4230 emendare.

290 4261 333 4326 ²)
371 4264 552 4329 Atque
589 4263 760 4314 habet
785 4262 992 4314 similia
1014 4261 1258 4313 Nonuus,
1318 4277 1585 4328 praesens
1620 4276 1752 4312 vero
1789 4266 2000 4327 tempus
2036 4259 2397 4326 μειονεκτοῦ-

157 4360 246 4398 σιν
282 4347 379 4398 vix
413 4347 553 4398 licet
589 4348 853 4400 adhibere
893 4348 964 4399 ad
997 4345 1153 4396 illam
1191 4347 1552 4411 suspitionem
1593 4345 2072 4412 comprobandam.

1896 4429 2003 4492 73.
