2917 4992
1072 327 1442 391 „3-

76 489 78 492 ’
165 503 442 583 oppositio
489 522 588 560 me
635 501 886 582 quidem
931 497 1134 560 iudice
1179 502 1416 562 inclusa
1472 511 1567 562 est
1610 501 2033 582 Propertianis
2092 504 2369 564 versibus

161 607 240 662 III
279 615 344 667 33
365 605 422 678 b,
472 613 542 666 27
587 625 726 683 sqq.

479 730 578 780 aut
611 725 744 797 quid
785 725 1086 792 Erechthei
1126 725 1218 780 tibi
1251 732 1492 795 prosunt
1531 727 1785 780 carmina
1830 730 2004 782 valis?

565 829 646 882 m'l
679 829 830 882 iuvat
870 831 926 881 in
971 843 1170 898 mayno
1217 835 1395 883 vester
1441 842 1632 882 amore
1672 841 1867 883 senex.

477 937 537 983 tu
579 929 750 983 Latiis
783 927 1068 1000 Meropem
1114 927 1292 984 Musis
1330 931 1541 984 imitere
1579 929 1851 984 Philelam
1880 923 1963 1004 ¹),

565 1037 618 1084 et
657 1047 768 1085 non
811 1031 993 1101 inflati
1021 1032 1231 1086 somnia
1279 1029 1613 1085 Callimachi.

300 1164 394 1221 Ne
442 1162 788 1242 disceptem
831 1183 997 1221 nunc
1039 1164 1242 1222 varias
1289 1164 1632 1223 criticorum
1677 1161 1755 1222 de
1799 1183 1859 1221 v.
1907 1173 1976 1228 29
2020 1165 2366 1244 opinione8‚

76 1271 78 1314 ε
167 1283 289 1341 quas
319 1264 574 1342 copiose
619 1272 1024 1342 pertractatas
1061 1265 1348 1323 invenies
1380 1263 1539 1342 apud
1576 1265 1891 1341 Vngerum
1922 1266 2108 1324 anall.
2144 1265 2367 1326 Philet.

166 1378 210 1421 et
247 1366 422 1444 Prop.
472 1386 537 1444 p.
571 1374 640 1428 36
671 1387 828 1446 sqq„
877 1365 1122 1425 codices
1153 1367 1355 1444 Neap.
1404 1374 1468 1423 et
1499 1366 1690 1426 Gron.
1737 1366 2042 1445 praebent
2071 1371 2374 1426 Erechthei

164 1465 355 1524 leniter
381 1475 625 1525 tantum
658 1467 1046 1526 obscuratum
1081 1467 1306 1545 (Neap.
1339 1469 1593 1537 Erechti‚
1644 1468 1837 1528 Gron.
1871 1465 2151 1546 Erethei),
2203 1469 2367 1549 quod

164 1565 412 1649 indigere
445 1576 596 1646 puto
630 1589 754 1626 non
789 1569 1223 1628 emendatione
1255 1568 1365 1627 sed
1397 1577 1566 1627 recta
1609 1570 2134 1648 interpretatione.
2191 1572 2368 1630 intel-

76 1739 78 1752 Ε
164 1667 277 1744 lego
323 1671 486 1728 enim
546 1690 680 1728 cum
723 1670 1134 1748 Hertzbergio
1199 1669 1278 1728 de
1336 1670 1543 1749 aliquo
1588 1669 1982 1730 Atheniensi.
2072 1673 2122 1731 is
2168 1681 2367 1730 autem

76 1755 78 1758 ’
165 1789 266 1825 non
323 1780 414 1830 est
485 1791 668 1851 quem
725 1772 830 1830 ille
894 1772 1027 1831 vult
1085 1771 1555 1848 Aeschylus,
1625 1772 1677 1829 si
1745 1771 1993 1851 quidem
2059 1772 2140 1831 ad
2204 1772 2369 1832 hunc

76 1899 78 1912 ι
166 1872 429 1931 transitur
496 1872 740 1931 demum
790 1893 848 1931 v.
895 1882 956 1934 41
1019 1875 1204 1930 desine
1247 1882 1298 1928 el
1339 1875 1640 1946 Aeschyleo
1682 1892 1735 1930 e.
1782 1891 1841 1952 q.
1888 1893 1957 1946 s.,
2016 1873 2131 1932 sed
2184 1873 2365 1948 idem,

76 1993 78 2016 =
168 1971 307 2030 cuius
348 1976 706 2033 memoriam.
749 1974 934 2032 variis
979 1972 1416 2033 mutationibus
1464 1973 1757 2033 adhibitis
1804 1974 1905 2032 alii
1952 1975 2369 2034 reducendam

168 2073 464 2149 putabant,
513 2076 890 2134 Homerus
937 2078 1151 2133 senex'.
1227 2075 1391 2132 hune
1435 2076 1599 2133 enim
1646 2084 1884 2134 constat
1927 2075 2192 2134 Athenis
2236 2078 2371 2135 vin-

174 2172 380 2234 dicasse
440 2197 570 2235 non
626 2178 789 2236 solos
834 2177 1284 2249 Athenienses,
1342 2177 1498 2234 sicut
1544 2184 1637 2234 est
1680 2176 1743 2233 in
1794 2176 2243 2253 epigrammatis
2290 2176 2369 2236 de

76 2285 78 2358 f
171 2284 370 2352 septem
400 2277 652 2336 urbibus
697 2285 759 2334 et
797 2278 862 2335 in
896 2277 1154 2336 nummis
1188 2275 1551 2356 quibusdam
1572 2275 2049 2336 Atheniensium
2080 2278 2367 2356 antiquiS,

76 2365 78 2420 ῗ
171 2375 258 2432 sed
285 2397 411 2437 cum
440 2378 752 2457 Dionysio
783 2379 1024 2438 Thrace
1071 2375 1371 2456 discipulo
1409 2377 1671 2457 aliisque
1702 2378 1901 2456 ipsum
1930 2377 2367 2439 Aristarchum.

173 2478 310 2537 cuius
354 2481 778 2540 auctoritatem
823 2478 1091 2539 dubitari
1137 2480 1361 2558 nequit
1406 2478 1553 2559 quin
1590 2479 1763 2538 multi
1793 2488 2069 2538 veterum
2102 2481 2369 2558 amplexi

172 2577 284 2636 sint.
315 2582 388 2639 cf.
421 2582 737 2641 Welcker.
774 2601 871 2660 ep.
920 2582 1074 2658 cycl.
1108 2582 1140 2639 I
1171 2602 1232 2659 p.
1273 2588 1385 2653 192,
1436 2579 1855 2658 Sengebusch.
1904 2581 2153 2639 dissert.
2185 2579 2367 2638 Hom.

76 2735 79 2772 ἔ
172 2677 280 2757 Ip.
323 2691 402 2756 31,
451 2685 520 2742 II
568 2705 630 2762 p.
677 2695 729 2743 4.

76 2778 78 2802 ³
306 2783 594 2868 Denique
639 2784 962 2863 Eunapius
1018 2784 1154 2842 vitt.
1201 2783 1376 2860 soph.
1425 2782 1491 2839 in
1535 2779 1895 2860 Diophanto
1953 2803 2014 2862 p.
2065 2790 2163 2844 165
2214 2782 2372 2840 haec

173 2879 327 2940 verba
367 2885 549 2944 facit:
597 2873 634 2958 ἡ
678 2880 741 2942 δὲ
781 2871 932 2958 αὐτὴ
980 2879 1123 2957 δόξα
1165 2882 1286 2942 τῶν
1316 2870 1657 2957 ἆνθρώπῶν
1688 2869 1968 2941 κάκεῖνον
1999 2875 2369 2961 ἆντήγειρεν,

179 2969 284 3038 ὡσεὶ
324 2985 702 3062 Καλλίμαχον
737 2975 974 3068 Ὁμήρῳ
1029 3006 1116 3055 τις
1161 2975 1579 3058 ἀπιστήσειεν.
1672 3005 1793 3064 quo
1838 2985 1973 3045 loco
2018 2985 2371 3044 Antimachi

176 3101 361 3146 nomen
425 3087 798 3147 substituere
857 3088 1049 3147 voluit
1104 3086 1639 3166 Wyttenbachius
1744 3105 1959 3146 verum
2024 3095 2191 3145 recte
2253 3086 2371 3144 hoc

179 3199 544 3249 commentum
604 3189 980 3268 improbatur
1023 3188 1313 3247 Heckero
1373 3197 1696 3248 comment.
1746 3187 1983 3248 Gallim.
2039 3207 2101 3265 p.
2150 3195 2251 3248 136
2310 3195 2371 3244 et

179 3283 354 3348 Stollio
397 3291 748 3350 Antimach.
795 3313 856 3369 p.
907 3301 1024 3354 108.

76 3380 78 3388 ’
308 3391 544 3452 Horum
605 3413 758 3473 quos
815 3395 936 3452 iam
981 3394 1296 3470 composui
1343 3390 1534 3451 Ovidi
1578 3391 1865 3468 Properti
1910 3391 2162 3469 Eunapi
2205 3390 2368 3449 loco·

181 3486 334 3568 rum2)
382 3494 594 3553 nullus
641 3493 890 3572 quidem
935 3494 1021 3551 ita
1068 3502 1160 3552 est
1207 3501 1620 3572 comparatUS,
1668 3500 1734 3550 ut
1778 3491 2227 3570 vituperandus
2272 3492 2368 3563 sit,

183 3591 261 3664 qui
296 3593 423 3654 illos
473 3595 554 3652 ad
599 3596 854 3654 Homeri
900 3595 963 3652 in
1013 3597 1218 3673 epico,
1282 3594 1640 3653 Callimachi
1685 3595 1749 3651 in
1808 3595 2081 3671 elegiaco
2141 3613 2371 3670 genere

76 3765 78 3770 μ
182 3691 550 3774 principatum
593 3705 862 3756 revocet.
956 3696 1336 3774 Cyrenensis
1381 3697 1545 3756 enim
1603 3705 1819 3774 poeta,
1882 3715 1958 3754 ex
2017 3715 2135 3774 quo
2180 3694 2368 3752 incla-

283 3927 316 3993 ¹)
349 3932 504 3983 Libri
541 3931 799 3982 meliores
828 3940 878 3981 ta
901 3935 1061 3982 satius
1085 3949 1359 3984 memorem.
1399 3932 1753 3982 coniecturas
1777 3930 1967 3995 recepi
1990 3928 2200 3994 Bergki
2228 3927 2363 3977 Her-

185 4011 367 4068 mesian.
403 4017 473 4067 el.
503 4033 555 4082 p.
583 4018 648 4066 38
687 4017 953 4080 Meropem
992 4021 1048 4065 et
1084 4015 1498 4066 Schneidewini
1533 4015 1724 4080 philol.
1754 4016 1777 4063 1
1817 4031 1867 4078 p.
1898 4016 1996 4062 170
2032 4015 2218 4064 Latiis,
2258 4013 2368 4062 Vn-

183 4105 308 4153 gerus
343 4102 509 4152 anall.
547 4100 750 4149 Philet.
791 4105 846 4150 et
882 4103 1042 4166 Prop.
1083 4117 1135 4164 p.
1175 4103 1240 4149 39
1279 4102 1420 4152 coni.
1494 4109 1545 4148 tec
1580 4102 1745 4147 salius
1780 4111 2039 4146 memorem
2076 4099 2229 4146 lusus.

284 4181 322 4244 ²)
355 4185 634 4251 Singulari
687 4185 918 4235 consilio
975 4187 1262 4235 Homero
1319 4186 1665 4249 opponuntur
1713 4181 2045 4231 Parthenius
2093 4182 2370 4248 Euphorio

185 4259 612 4322 Callimachus
654 4287 684 4320 a
721 4272 973 4320 Luciano
1011 4271 1078 4318 de
1117 4270 1280 4318 scrib.
1320 4269 1444 4320 hist.
1474 4271 1557 4318 57.

1878 4351 1964 4414 1*
